,name,price,pricing_unit,product_type,supermarket,weight,price_kg,number_of_units,price_unit,volume,price_lit
320,Хлеб Маг с семечками 390г,75.99,390 г,bread,Pyaterochka,390.0,194.84615384615384,,,,
362,Хлеб с семечками замороженный п/ф 400г,71.99,400 г,bread,Pyaterochka,400.0,179.975,,,,
608,Огурцы среднеплодные,175.99,Цена за 1 кг,cucumber,Pyaterochka,1000.0,175.99,,,,
609,Томаты,203.99,Цена за 1 кг,tomato,Pyaterochka,1000.0,203.99,,,,
610,Капуста белокочанная,39.99,Цена за 1 кг,cabbage,Pyaterochka,1000.0,39.99,,,,
612,Лук репчатый,59.99,Цена за 1 кг,onion,Pyaterochka,1000.0,59.99,,,,
613,Огурцы короткоплодные 450г,259.99,450 г,cucumber,Pyaterochka,450.0,577.7555555555556,,,,
614,Огурец Global Village Агромос длинный 1шт.,118.99,1 шт,cucumber,Pyaterochka,,,1.0,118.99,,
615,Томаты Фламенко сливовидные красные 450г,239.99,450 г,tomato,Pyaterochka,450.0,533.3111111111111,,,,
618,Лук-репка Выгодно в сетке,48.49,Цена за 1 кг,onion,Pyaterochka,1000.0,48.49,,,,
619,Огурец Global Village среднеплодный гладкий 600г,267.99,600 г,cucumber,Pyaterochka,600.0,446.65,,,,
620,Томаты Фламенко сливовидные,499.99,Цена за 1 кг,tomato,Pyaterochka,1000.0,499.99,,,,
621,Морковь мытая упаковка 1кг,102.99,1 кг,carrot,Pyaterochka,1000.0,102.99,,,,
625,Томаты Медовые черри красные круглые 200г,299.99,200 г,tomato,Pyaterochka,200.0,1499.95,,,,
626,Огурцы Global Village корнишоны премиум 300г,289.99,300 г,cucumber,Pyaterochka,300.0,966.6333333333333,,,,
627,Лук красный,133.99,Цена за 1 кг,onion,Pyaterochka,1000.0,133.99,,,,
632,Томаты Черри на ветке 250г,237.99,250 г,tomato,Pyaterochka,250.0,951.96,,,,
639,Томаты Рост Медовые Черри оранжевые круглые 200г,299.99,200 г,tomato,Pyaterochka,200.0,1499.95,,,,
645,Томаты коктейльные 350г,226.99,350 г,tomato,Pyaterochka,350.0,648.5428571428572,,,,
647,Баклажан,298.99,Цена за 1 кг,eggplant,Pyaterochka,1000.0,298.99,,,,
650,Огурцы короткоплодные,389.99,Цена за 1 кг,cucumber,Pyaterochka,1000.0,389.99,,,,
651,Огурцы Люкс Луховицкие короткоплодные 450г,278.99,450 г,cucumber,Pyaterochka,450.0,619.9777777777779,,,,
653,Огурцы Луховицкие длинные 1шт.,123.99,250 г,cucumber,Pyaterochka,250.0,495.96,1.0,123.99,,
654,Томаты Рост коричневые 350г,212.99,350 г,tomato,Pyaterochka,350.0,608.5428571428572,,,,
665,Лук белый,175.99,Цена за 1 кг,onion,Pyaterochka,1000.0,175.99,,,,
671,Огурцы среднеплодные колючие 600г,267.99,600 г,cucumber,Pyaterochka,600.0,446.65,,,,
672,Томаты Сладкая Ягода Черри красные в ассортименте 200г,233.99,200 г,tomato,Pyaterochka,200.0,1169.95,,,,
681,Морковь мини 250г,87.99,250 г,carrot,Pyaterochka,250.0,351.96,,,,
685,Морковь целая очищенная в вакууме 500г,102.99,500 г,carrot,Pyaterochka,500.0,205.98,,,,
686,Бананы Global Village,169.99,Цена за 1 кг,banana,Pyaterochka,1000.0,169.99,,,,
687,Апельсины,149.99,Цена за 1 кг,orange,Pyaterochka,1000.0,149.99,,,,
691,Бананы Красная Цена фасованные,169.99,Цена за 1 кг,banana,Pyaterochka,1000.0,169.99,,,,
701,Апельсины фасованные,149.99,Цена за 1 кг,orange,Pyaterochka,1000.0,149.99,,,,
710,Апельсины Global Village отборные,233.99,Цена за 1 кг,orange,Pyaterochka,1000.0,233.99,,,,
722,Манго желтое,514.99,Цена за 1 кг,mango,Pyaterochka,1000.0,514.99,,,,
805,Молоко Домик в деревне пастеризованное 2.5% БЗМЖ 930мл,89.99,930 мл,milk,Pyaterochka,,,,,930.0,96.76344086021504
806,Молоко Станция Молочная пастеризованное 2.5% БЗМЖ 900мл,76.99,900 мл,milk,Pyaterochka,,,,,900.0,85.54444444444444
807,Молоко Простоквашино отборное пастеризованное 3.4-4.5% БЗМЖ 930мл,102.99,930 мл,milk,Pyaterochka,,,,,930.0,110.74193548387096
809,Молоко Село Зеленое пастеризованное 3.2% БЗМЖ 1.947л,199.99,1.947 л,milk,Pyaterochka,,,,,1947.0,102.71700051361069
810,Молоко Му-у ультрапастеризованное 3.2% БЗМЖ 925мл,104.99,925 мл,milk,Pyaterochka,,,,,925.0,113.50270270270269
811,Молоко Красная Цена ультрапастеризованное 3.2% БЗМЖ 970мл,84.99,970 мл,milk,Pyaterochka,,,,,970.0,87.61855670103093
812,Молоко сгущенное Рогачевъ с сахаром 8.5% БЗМЖ 380г,179.99,380 г,condensed_milk,Pyaterochka,380.0,473.65789473684214,,,,
813,Молоко Красная Цена ультрапастеризованное 2.5% БЗМЖ 0.97л,79.99,970 мл,milk,Pyaterochka,,,,,970.0,82.46391752577318
816,Молоко Домик в деревне отборное пастеризованное 3.7% БЗМЖ 1.4л,174.99,1.4 л,milk,Pyaterochka,,,,,1400.0,124.99285714285716
817,Молоко сгущенное Алексеевское цельное с сахаром 8.5% БЗМЖ 270г,134.99,270 г,condensed_milk,Pyaterochka,270.0,499.962962962963,,,,
819,Молоко Му-у ультрапастеризованное 2.5% БЗМЖ 925мл,109.99,925 мл,milk,Pyaterochka,,,,,925.0,118.90810810810811
820,Молоко Станция Молочная 3.3-6.0% БЗМЖ 930мл,92.99,930 мл,milk,Pyaterochka,,,,,930.0,99.98924731182795
823,Молоко Экомилк цельное отборное пастеризованное 3.4-4.5% БЗМЖ 900мл,89.99,900 мл,milk,Pyaterochka,,,,,900.0,99.98888888888888
825,Молоко С Нашей Фермы ультрапастеризованное 3.2% БЗМЖ 925мл,111.99,925 мл,milk,Pyaterochka,,,,,925.0,121.07027027027026
827,Молоко Простоквашино безлактозное ультрапастеризованное 1.5% БЗМЖ 0.97л,145.59,970 мл,milk,Pyaterochka,,,,,970.0,150.09278350515464
830,Молоко цельное сгущенное Станция Молочная 8.5% БЗМЖ 270г,90.99,270 г,condensed_milk,Pyaterochka,270.0,336.99999999999994,,,,
831,Молоко Домик в деревне ультрапастеризованное 2.5% БЗМЖ 950г,109.99,950 г,milk,Pyaterochka,950.0,115.77894736842106,,,,
834,Молоко Сарафаново безлактозное ультрапастеризованное 1.5% БЗМЖ 970мл,129.99,970 мл,milk,Pyaterochka,,,,,970.0,134.01030927835052
837,Молоко Правильное Молоко пастеризованное 3.2-4% БЗМЖ 2л,199.99,2 л,milk,Pyaterochka,,,,,2000.0,99.995
838,Молоко М ультрапастеризованное 3.2% БЗМЖ 950г,114.99,950 мл,milk,Pyaterochka,950.0,121.0421052631579,,,950.0,121.0421052631579
839,Молоко Сарафаново детское ультрапастеризованное 2.5% БЗМЖ 970мл,119.99,970 мл,milk,Pyaterochka,,,,,970.0,123.70103092783505
840,Молоко Станция Молочная пастеризованное 3.2% БЗМЖ 1.55л,152.99,1.55 л,milk,Pyaterochka,,,,,1550.0,98.70322580645161
841,Сгущенка вареная Станция Молочная с сахаром СЗМЖ 370г,119.99,370 г,condensed_milk,Pyaterochka,370.0,324.2972972972973,,,,
842,Молоко Простоквашино 1.5% БЗМЖ 930мл,94.99,930 мл,milk,Pyaterochka,,,,,930.0,102.13978494623656
847,Молоко Parmalat Natura Premium питьевое ультрапастеризованное 3.5% БЗМЖ 1л,155.99,1 л,milk,Pyaterochka,,,,,1000.0,155.99
848,Молоко Лебедяньмолоко 3.2% БЗМЖ 1400г,144.99,1.4 л,milk,Pyaterochka,1400.0,103.56428571428572,,,1400.0,103.56428571428572
851,Молоко ЭкоНива ультрапастеризованное 3.2% БЗМЖ 1л,117.59,1 л,milk,Pyaterochka,,,,,1000.0,117.59
853,Молоко сгущенное Алексеевское цельное с сахаром 8.5% БЗМЖ 360г,189.99,360 мл,condensed_milk,Pyaterochka,360.0,527.75,,,360.0,527.75
858,Молоко сгущенное Алексеевское цельное с сахаром ГОСТ 8.5% БЗМЖ 100г,66.99,100 г,condensed_milk,Pyaterochka,100.0,669.9,,,,
859,Молоко ЭкоНива пастеризованное цельное 3.3–6% БЗМЖ 1л,123.19,1 л,milk,Pyaterochka,,,,,1000.0,123.19
867,Молоко Станция молочная топленое 3.2% БЗМЖ 900мл,99.99,900 мл,milk,Pyaterochka,,,,,900.0,111.1
870,Молоко сгущенное Рогачевъ цельное с сахаром 8.5% БЗМЖ  270г,157.99,270 г,condensed_milk,Pyaterochka,270.0,585.1481481481482,,,,
888,Молоко Искренне Ваш пастеризованное 2.5% БЗМЖ 930г,87.99,930 мл,milk,Pyaterochka,930.0,94.61290322580643,,,930.0,94.61290322580643
889,Молоко Лебедяньмолоко 3.2% БЗМЖ 900г,92.99,900 мл,milk,Pyaterochka,900.0,103.32222222222222,,,900.0,103.32222222222222
890,Сгущенное молоко Станция Молочная цельное с сахаром 8.5% БЗМЖ 360г,129.99,360 г,condensed_milk,Pyaterochka,360.0,361.08333333333337,,,,
892,Молоко Нашей Дойки Отборное пастеризованное 3.4-6% БЗМЖ 900мл,99.99,900 мл,milk,Pyaterochka,,,,,900.0,111.1
893,Молоко Алексеевское цельное сгущенное с сахаром 8.5% БЗМЖ 7г,4.99,7 г,condensed_milk,Pyaterochka,7.0,712.8571428571429,,,,
894,Молоко сгущенное Алексеевское вареное с сахаром 8.5% БЗМЖ 360г,179.19,360 г,condensed_milk,Pyaterochka,360.0,497.74999999999994,,,,
896,Молоко Домик в деревне безлактозное ультрапастеризованное 1.8% БЗМЖ 950г,139.99,924 мл,milk,Pyaterochka,950.0,147.3578947368421,,,924.0,151.504329004329
897,Молоко Вкуснотеево пастеризованное 3.2% БЗМЖ 900г,96.99,874 мл,milk,Pyaterochka,900.0,107.76666666666667,,,874.0,110.97254004576658
898,Молоко Искренне Ваш отборное пастеризованное 3.4-6% БЗМЖ 930г,89.99,930 мл,milk,Pyaterochka,930.0,96.76344086021504,,,930.0,96.76344086021504
904,Молоко Асеньевская ферма пастеризованное 3.4-6% БЗМЖ 900мл,97.99,900 мл,milk,Pyaterochka,,,,,900.0,108.87777777777777
906,Молоко сгущенное Рогачевъ Егорка вареное с сахаром 8.5% БЗМЖ 360г,204.99,360 г,condensed_milk,Pyaterochka,360.0,569.4166666666666,,,,
910,Молоко сгущенное Алексеевское с сахаром и какао 5% БЗМЖ 270г,169.99,270 г,condensed_milk,Pyaterochka,270.0,629.5925925925926,,,,
916,Молоко Промконсервы стерилизованное сгущенное цельное без сахара БЗМЖ 300г,90.99,300 г,condensed_milk,Pyaterochka,300.0,303.29999999999995,,,,
917,Молоко Ecomilk пастеризованное 2.5% БЗМЖ 930мл,79.99,930 мл,milk,Pyaterochka,,,,,930.0,86.01075268817205
918,Молоко сгущенное Главпродукт Молочный шоколад 3.7% БЗМЖ 270г,123.99,270 г,condensed_milk,Pyaterochka,270.0,459.2222222222222,,,,
919,Молоко ЛебедяньМолоко пастеризованное 3.2% БЗМЖ 450г,54.99,437 мл,milk,Pyaterochka,450.0,122.2,,,437.0,125.83524027459956
1134,Тофу VegaNova Классический 250г,129.99,250 г,tofu,Pyaterochka,250.0,519.96,,,,
1153,Яйцо куриное столовое С1 10шт.,79.99,10 шт,egg,Pyaterochka,,,10.0,7.999,,
1154,Яйцо куриное отборное 10шт.,99.99,10 шт,egg,Pyaterochka,,,10.0,9.998999999999999,,
1155,Яйцо куриное С2 10шт.,65.99,10 шт,egg,Pyaterochka,,,10.0,6.598999999999999,,
1157,Яйцо куриное Окское столовое С1 10шт.,119.99,10 шт,egg,Pyaterochka,,,10.0,11.998999999999999,,
1158,Яйцо куриное Окское столовое СО 10шт.,139.99,10 шт,egg,Pyaterochka,,,10.0,13.999,,
1159,Яйцо куриное Село Зеленое Деревенское С1 10шт.,139.99,10 шт,egg,Pyaterochka,,,10.0,13.999,,
1162,Яйцо куриное Роскар Экстра СО 10шт.,139.99,10 шт,egg,Pyaterochka,,,10.0,13.999,,
1165,Яйцо куриное Лето С1 20шт.,234.99,20 шт,egg,Pyaterochka,,,20.0,11.749500000000001,,
1168,Яйцо куриное Лето пищевое С1 10шт.,124.99,10 шт,egg,Pyaterochka,,,10.0,12.498999999999999,,
1170,Яйцо куриное Окское С1 белое 30 шт.,349.99,30 шт,egg,Pyaterochka,,,30.0,11.666333333333334,,
1172,Яйцо куриное Село Зеленое Деревенское С0 10шт.,151.19,10 шт,egg,Pyaterochka,,,10.0,15.119,,
1173,Яйцо куриное Волжанин С1 10шт.,124.99,10 шт,egg,Pyaterochka,,,10.0,12.498999999999999,,
1235,Йогурт Даниссимо Фантазия с хрустящими шоколадными шариками 6.9% 105г,69.99,105 г,yogurt,Pyaterochka,105.0,666.5714285714284,,,,
1237,Йогурт Даниссимо с хрустящими ягодными шариками 6.9% 105г,69.99,105 г,yogurt,Pyaterochka,105.0,666.5714285714284,,,,
1238,Йогурт Epica с манго и семенами чиа 5% 130г,54.99,130 г,yogurt,Pyaterochka,130.0,423.00000000000006,,,,
1242,Йогурт Epica вишня-черешня 4.8% 130г,54.99,130 г,yogurt,Pyaterochka,130.0,423.00000000000006,,,,
1244,"Йогурт Растишка со вкусом пломбира, драже хрустящие шарики с ягодным вкусом 3% 116г",66.99,116 г,yogurt,Pyaterochka,116.0,577.4999999999999,,,,
1248,Йогурт Фругурт персик-маракуйя 2% 240г,59.99,240 г,yogurt,Pyaterochka,240.0,249.95833333333334,,,,
1249,Йогурт Фругурт вишня 2% 240г,59.99,240 г,yogurt,Pyaterochka,240.0,249.95833333333334,,,,
1256,Йогурт Актибио вишня 2.9% 130г,49.99,130 г,yogurt,Pyaterochka,130.0,384.53846153846155,,,,
1260,Йогурт Чудо Клубника-земляника 2% 290г,79.99,290 г,yogurt,Pyaterochka,290.0,275.8275862068965,,,,
1265,Йогурт Даниссимо Фантазия со вкусом клубники-молочного шоколада 6.9% 105г,73.99,105 г,yogurt,Pyaterochka,105.0,704.6666666666666,,,,
1278,Йогурт АктиБио чернослив 2.9% 130г,52.99,130 г,yogurt,Pyaterochka,130.0,407.61538461538464,,,,
1282,Йогурт Простоквашино Греческий 2% 135г,58.99,135 г,yogurt,Pyaterochka,135.0,436.962962962963,,,,
1283,Йогурт АктиБио отруби и злаки 2.9% 130г,49.99,130 г,yogurt,Pyaterochka,130.0,384.53846153846155,,,,
1289,Йогурт АктиБио клубника 2.9% 130г,49.99,130 г,yogurt,Pyaterochka,130.0,384.53846153846155,,,,
1290,Йогурт Фругурт клубника-малина 2% 240г,59.99,240 г,yogurt,Pyaterochka,240.0,249.95833333333334,,,,
1296,Йогурт АктиБио натуральный 3.5% 130г,49.99,130 г,yogurt,Pyaterochka,130.0,384.53846153846155,,,,
1303,Йогурт Царка земляника 3.5% 400г,85.99,400 г,yogurt,Pyaterochka,400.0,214.975,,,,
1313,Йогурт Для всей семьи со вкусом земляники 1% 270г,44.99,270 мл,yogurt,Pyaterochka,270.0,166.62962962962962,,,270.0,166.62962962962962
1324,Йогурт Простоквашино с черникой двухслойный термостатный 3.4% БЗМЖ 160г,49.99,160 г,yogurt,Pyaterochka,160.0,312.43750000000006,,,,
1331,Йогурт Epica Crispy фисташки 4.8% 140г,74.99,140 г,yogurt,Pyaterochka,140.0,535.6428571428571,,,,
1338,Йогурт Царка манго 3.5% 400г,85.99,400 г,yogurt,Pyaterochka,400.0,214.975,,,,
1352,Йогурт Epica Crispy карамель 4.8% 140г,78.99,140 г,yogurt,Pyaterochka,140.0,564.2142857142857,,,,
1365,Йогурт Царка вишня 3.5% 400г,85.99,400 г,yogurt,Pyaterochka,400.0,214.975,,,,
1367,Йогурт Сарафаново со вкусом банана 1% БЗМЖ 260г,47.99,260 г,yogurt,Pyaterochka,260.0,184.5769230769231,,,,
1374,Йогурт Вкуснотеево с черникой 2% 690г,139.99,690 г,yogurt,Pyaterochka,690.0,202.8840579710145,,,,
1375,Йогурт Коломенский Черника с малиной и манго 5% 170г,72.99,170 г,yogurt,Pyaterochka,170.0,429.35294117647055,,,,
1377,Йогурт Из Села Удоево черника-ежевика 2.5% 260мл,47.99,260 мл,yogurt,Pyaterochka,,,,,260.0,184.5769230769231
1380,Йогурт Сарафаново со вкусом черники 1% БЗМЖ 260г,47.99,260 г,yogurt,Pyaterochka,260.0,184.5769230769231,,,,
1381,Йогурт Teos греческий клубника 2% 140г,63.99,140 г,yogurt,Pyaterochka,140.0,457.07142857142856,,,,
1383,Йогурт Lactica греческий натуральный 4% 120г,59.99,120 г,yogurt,Pyaterochka,120.0,499.9166666666667,,,,
1384,Йогурт ЦарКа Киви 3.5% 400г,85.99,400 мл,yogurt,Pyaterochka,400.0,214.975,,,400.0,214.975
1385,Йогурт Viola Laplandia Сливочный с малиной и маскарпоне 7.2% 180г,78.99,180 г,yogurt,Pyaterochka,180.0,438.8333333333333,,,,
1387,Йогурт Простоквашино термостатный 4% 160г,49.99,160 мл,yogurt,Pyaterochka,160.0,312.43750000000006,,,160.0,312.43750000000006
1389,Йогурт Для всей семьи со вкусом абрикоса 1% 270г,44.99,270 г,yogurt,Pyaterochka,270.0,166.62962962962962,,,,
1393,Йогурт Вкус & Польза греческий с малиной 3% 190г,105.99,190 г,yogurt,Pyaterochka,190.0,557.8421052631579,,,,
1394,Йогурт Коломенский Питайя-манго-чиа 5% 170г,72.99,170 г,yogurt,Pyaterochka,170.0,429.35294117647055,,,,
1395,Йогурт Viola Laplandia Крем-брюле сливочный 7% 180г,78.99,180 г,yogurt,Pyaterochka,180.0,438.8333333333333,,,,
1397,Йогурт Сарафаново Термостатный 1.5% БЗМЖ 125г,29.99,125 г,yogurt,Pyaterochka,125.0,239.92,,,,
1399,Йогурт Из Села Удоево клубника-земляника 2.5% 260г,47.99,260 мл,yogurt,Pyaterochka,260.0,184.5769230769231,,,260.0,184.5769230769231
1400,Йогурт Домик в деревне натуральный 1.8% 260г,54.99,260 г,yogurt,Pyaterochka,260.0,211.50000000000003,,,,
1409,Йогурт Вкуснотеево с клубникой 2% 690г,139.99,690 г,yogurt,Pyaterochka,690.0,202.8840579710145,,,,
1412,Йогурт Viola Verry Berry манго 2.6% 180г,78.99,180 г,yogurt,Pyaterochka,180.0,438.8333333333333,,,,
1413,Йогурт Viola Very berry Вишня 2.6% 180г,78.99,180 г,yogurt,Pyaterochka,180.0,438.8333333333333,,,,
1415,Йогурт Neo Греческий Клубника 100% натуральный с высоким содержанием белка 2% БЗМЖ 125г,73.99,125 г,yogurt,Pyaterochka,125.0,591.92,,,,
1416,Йогурт Viola free безлактозный 3.4% 180г,78.99,180 г,yogurt,Pyaterochka,180.0,438.8333333333333,,,,
1419,Йогурт Вкус & Польза натуральный греческий 4% 190г,105.99,190 г,yogurt,Pyaterochka,190.0,557.8421052631579,,,,
1427,Йогурт Epica натуральный 6% 130г,55.99,130 г,yogurt,Pyaterochka,130.0,430.69230769230774,,,,
1429,Йогурт Lactica двухслойный греческий с печеным яблоком и карамелью 3.4% 120г,68.99,120 г,yogurt,Pyaterochka,120.0,574.9166666666666,,,,
1432,Йогурт Lactica двухслойный греческий с малиной 3.4% 120г,64.99,120 г,yogurt,Pyaterochka,120.0,541.5833333333333,,,,
1567,Хлеб сандвичный Harry's American Sandwich пшеничный нарезка 470г,123.99,470 г,bread,Pyaterochka,470.0,263.80851063829783,,,,
1568,Хлеб Коломенский Даниловский ржано-пшеничный нарезка 350г,67.99,350 г,bread,Pyaterochka,350.0,194.25714285714284,,,,
1571,Хлеб Черемушки Столичный нарезка 330г,49.99,330 г,bread,Pyaterochka,330.0,151.4848484848485,,,,
1573,Хлеб Хлебный Дом тостовый пшеничный 350г,70.99,350 г,bread,Pyaterochka,350.0,202.82857142857142,,,,
1574,Хлеб Коломенское Дарницкий формовой нарезка 350г,52.49,350 г,bread,Pyaterochka,350.0,149.9714285714286,,,,
1575,Хлеб Коломенское Даниловский зерновой 300г,87.35,300 г,bread,Pyaterochka,300.0,291.16666666666663,,,,
1577,Хлеб Селяночка Бородинский нарезка половина 350г,39.99,350 г,bread,Pyaterochka,350.0,114.25714285714287,,,,
1578,Хлеб Хлебный Дом Геркулес зерновой нарезка 250г,62.99,250 г,bread,Pyaterochka,250.0,251.96,,,,
1579,Хлеб Селяночка Дарницкий 320г,32.99,320 г,bread,Pyaterochka,320.0,103.09375000000001,,,,
1580,Хлеб Ржаной Край зерновой нарезка 300г,109.99,300 г,bread,Pyaterochka,300.0,366.6333333333333,,,,
1582,Хлеб Ржаной Край заварной нарезка 300г,96.99,300 г,bread,Pyaterochka,300.0,323.29999999999995,,,,
1586,Хлеб Черемушки Бородинский нарезка 390г,59.99,390 г,bread,Pyaterochka,390.0,153.82051282051282,,,,
1591,Хлеб Сибирский пекарь зерновой мультизлаковый со льном нарезка 280г,69.99,280 г,bread,Pyaterochka,280.0,249.9642857142857,,,,
1595,Хлеб Коломенское Бородинский нарезка 400г,59.99,400 г,bread,Pyaterochka,400.0,149.975,,,,
1596,Хлеб Черемушки Московский 340г,44.99,340 г,bread,Pyaterochka,340.0,132.3235294117647,,,,
1598,Хлеб Черемушки Зерновик нарезка 460г,109.99,460 г,bread,Pyaterochka,460.0,239.1086956521739,,,,
1604,Хлеб Зерница ржано-пшеничный бездрожжевой нарезка 300г,57.99,300 г,bread,Pyaterochka,300.0,193.3,,,,
1605,Хлеб Хлебный Дом Марьин заварной 350г,89.99,350 г,bread,Pyaterochka,350.0,257.1142857142857,,,,
1606,Хлеб Хлебозавод 28 Для Фитнеса нарезка 300г,73.99,300 г,bread,Pyaterochka,300.0,246.63333333333333,,,,
1607,Хлеб Рижский хлеб Крестьянский бездрожжевой заварной подовый 300г,67.99,300 г,bread,Pyaterochka,300.0,226.63333333333333,,,,
1610,Хлеб Дарницкий нарезка 160г,19.99,160 г,bread,Pyaterochka,160.0,124.9375,,,,
1611,Хлеб Рижский хлеб Ароматный подовый 300г,69.99,300 г,bread,Pyaterochka,300.0,233.29999999999998,,,,
1612,Хлеб Рижский Хлеб Бородинский 300г,93.99,300 г,bread,Pyaterochka,300.0,313.29999999999995,,,,
1613,Хлеб Нижегородский Хлеб 400г,59.99,400 г,bread,Pyaterochka,400.0,149.975,,,,
1615,Хлеб Селяночка Тостовый нарезка 250г,46.99,250 г,bread,Pyaterochka,250.0,187.96,,,,
1617,Хлеб Нижегородский хлеб Дарницкий формовой 700г,50.99,700 г,bread,Pyaterochka,700.0,72.84285714285714,,,,
1618,Хлеб Нижегородский хлеб Буржуа нарезка 350г,69.99,350 г,bread,Pyaterochka,350.0,199.97142857142856,,,,
1619,Хлеб Зерница Полезные рецепты Пшеничный злаковый нарезка 300г,69.99,300 г,bread,Pyaterochka,300.0,233.29999999999998,,,,
1620,Хлеб Рижский хлеб Ароматный ржано-пшеничный подовый с изюмом 300г,85.99,300 г,bread,Pyaterochka,300.0,286.63333333333327,,,,
1622,Хлеб Пеко Медведковский ржано-пшеничный заварной нарезка 375г,49.99,375 г,bread,Pyaterochka,375.0,133.30666666666667,,,,
1624,Хлеб Пеко Столовый Новый нарезка 160г,19.99,160 г,bread,Pyaterochka,160.0,124.9375,,,,
1625,Хлеб Рижский хлеб ржаной со злаками 300г,134.99,300 г,bread,Pyaterochka,300.0,449.9666666666667,,,,
1626,Хлеб Рижский хлеб Юбилейный бездрожжевой 205г,149.99,205 г,bread,Pyaterochka,205.0,731.6585365853659,,,,
1629,Хлеб Пеко Медведковский пшеничный злаковый нарезка 300г,54.99,300 г,bread,Pyaterochka,300.0,183.3,,,,
1760,Окорок свиной бескостный охлажденный,299.99,Цена за 1 кг,pork_leg,Pyaterochka,1000.0,299.99,,,,
1785,Филе куриное охлажденное,329.99,Цена за 1 кг,chicken_fillet,Pyaterochka,1000.0,329.99,,,,
1787,Филе грудки цыплёнка Петелинка охлаждённое,449.99,Цена за 1 кг,chicken_fillet,Pyaterochka,1000.0,449.99,,,,
3397,Макароны Шебекинские рожок полубублик №202 450г,63.99,450 г,pasta,Pyaterochka,450.0,142.2,,,,
3398,"Макароны Шебекинские спирали №366, 450г",63.99,450 г,pasta,Pyaterochka,450.0,142.2,,,,
3399,Макароны Makfa витки 450г,63.99,450 г,pasta,Pyaterochka,450.0,142.2,,,,
3400,Спагетти Шебекинские №2 тонкие 450г,63.99,450 г,pasta,Pyaterochka,450.0,142.2,,,,
3401,Макароны Makfa Спагетти 450г,63.99,450 г,pasta,Pyaterochka,450.0,142.2,,,,
3402,Гречка ядрица 900г,33.99,900 г,buckwheat,Pyaterochka,900.0,37.76666666666667,,,,
3403,Гречка ядрица Селяночка быстроразваривающаяся пропаренная 900г,94.99,900 г,buckwheat,Pyaterochka,900.0,105.54444444444444,,,,
3404,Макароны Barilla Спагетти n.5 450г,109.99,450 г,pasta,Pyaterochka,450.0,244.42222222222222,,,,
3405,Гречка Селяночка ядрица быстроразваривающаяся 5х80г,83.99,400 г,buckwheat,Pyaterochka,400.0,209.975,,,,
3406,Рис Селяночка круглозерный 5x80г,89.99,400 г,rice,Pyaterochka,400.0,224.975,,,,
3408,Рис круглозернистый шлифованный 900г,49.99,900 г,rice,Pyaterochka,900.0,55.544444444444444,,,,
3409,Рис Global Village Для плова 800г,124.99,800 г,rice,Pyaterochka,800.0,156.2375,,,,
3410,Рис Селяночка длиннозерный пропаренный 900г,139.99,900 г,rice,Pyaterochka,900.0,155.54444444444445,,,,
3411,"Макароны Ладные рожки, 400г",51.49,400 г,pasta,Pyaterochka,400.0,128.725,,,,
3412,"Рис Селяночка круглозёрный шлифованный, 900г",129.99,900 г,rice,Pyaterochka,900.0,144.43333333333334,,,,
3413,Макароны Baisad рожки 450г,57.99,450 г,pasta,Pyaterochka,450.0,128.86666666666667,,,,
3415,Макароны Barilla Капеллини n.1 450г,109.99,450 г,pasta,Pyaterochka,450.0,244.42222222222222,,,,
3417,Гречка Агро-Альянс Экстра элитная 900г,129.99,900 г,buckwheat,Pyaterochka,900.0,144.43333333333334,,,,
3418,Макароны Ладные спираль 400г,51.49,400 г,pasta,Pyaterochka,400.0,128.725,,,,
3419,Крупа Увелка гречневая 500г,63.99,500 г,buckwheat,Pyaterochka,500.0,127.98,,,,
3421,Гречка Мистраль 900г,144.99,900 г,buckwheat,Pyaterochka,900.0,161.10000000000002,,,,
3422,Рис Селяночка длиннозерный первый сорт 5х80г,132.99,400 г,rice,Pyaterochka,400.0,332.475,,,,
3423,Рис Увелка круглозерный шлифованный 500г,79.99,500 г,rice,Pyaterochka,500.0,159.98,,,,
3424,Макароны Ладные перья группа А 400г,51.49,400 г,pasta,Pyaterochka,400.0,128.725,,,,
3425,Макароны Baisad перья 450г,57.99,450 г,pasta,Pyaterochka,450.0,128.86666666666667,,,,
3426,Макароны Makfa спирали экспресс 400г,63.99,400 г,pasta,Pyaterochka,400.0,159.975,,,,
3427,Макароны Trattoria di Maestro Turatti Farfalle Бантики 450г,94.99,450 г,pasta,Pyaterochka,450.0,211.08888888888887,,,,
3428,Макароны Baisad спагетти 450г,57.99,450 г,pasta,Pyaterochka,450.0,128.86666666666667,,,,
3429,Макароны Зерница Ракушки 450г,54.99,450 г,pasta,Pyaterochka,450.0,122.2,,,,
3430,"Спагетти Зерница высший сорт, 500г",54.99,500 г,pasta,Pyaterochka,500.0,109.98,,,,
3431,Макароны Barilla Penne Rigate n.73 из твердых сортов пшеницы 450г,109.99,450 г,pasta,Pyaterochka,450.0,244.42222222222222,,,,
3432,Рис пропаренный шлифованный 900г,112.99,900 г,rice,Pyaterochka,900.0,125.54444444444444,,,,
3435,Макароны Pasteroni Грандине Птитим №122 400г,84.99,400 г,pasta,Pyaterochka,400.0,212.475,,,,
3437,Макароны Шебекинские перья №343 450г,63.99,450 г,pasta,Pyaterochka,450.0,142.2,,,,
3438,Макароны Barilla Баветте n.13 450г,109.99,450 г,pasta,Pyaterochka,450.0,244.42222222222222,,,,
3442,Рис Селяночка длиннозерный шлифованный 900г,148.99,900 г,rice,Pyaterochka,900.0,165.54444444444448,,,,
3443,Рис Global Village Басмати шлифованный 450г,169.99,450 г,rice,Pyaterochka,450.0,377.7555555555556,,,,
3444,Макароны Шебекинские улитки №295 группа А 450г,67.99,450 г,pasta,Pyaterochka,295.0,230.4745762711864,,,,
3448,Рис Националь для плова 900г,144.99,900 г,rice,Pyaterochka,900.0,161.10000000000002,,,,
3451,Макароны Зерница Витой рожок 450г,57.99,450 г,pasta,Pyaterochka,450.0,128.86666666666667,,,,
3453,Рис Мистраль Янтарь длиннозерный пропаренный 5х80г,137.99,400 г,rice,Pyaterochka,400.0,344.975,,,,
3454,Гречка Мистраль ядрица 5х80г,119.99,400 г,buckwheat,Pyaterochka,400.0,299.97499999999997,,,,
3455,"Спагетти Trattoria di Maestro Turatti, 450г",94.99,450 г,pasta,Pyaterochka,450.0,211.08888888888887,,,,
3456,Макароны Trattoria di Maestro Turatti Гнёзда 450г,179.99,450 г,pasta,Pyaterochka,450.0,399.9777777777778,,,,
3457,Макароны Barilla Risoni n.26 450г,134.99,450 г,pasta,Pyaterochka,450.0,299.97777777777776,,,,
3458,Макароны Зерница Улитки 450г,57.99,450 г,pasta,Pyaterochka,450.0,128.86666666666667,,,,
3459,Макароны Шебекинские Головоломки 450г,68.99,450 г,pasta,Pyaterochka,450.0,153.3111111111111,,,,
3461,Рис Makfa шлифованный круглозерный в пакетиках 400г,89.99,400 г,rice,Pyaterochka,400.0,224.975,,,,
3462,Рис Националь Краснодарский 900г,162.99,900 г,rice,Pyaterochka,900.0,181.10000000000002,,,,
3463,Спагетти Красная цена 400г,20.99,400 г,pasta,Pyaterochka,400.0,52.474999999999994,,,,
3464,Рис Националь Золотистый длиннозерный пропаренный 900г,179.99,900 г,rice,Pyaterochka,900.0,199.9888888888889,,,,
3465,Рис длиннозерный 900г,105.99,900 г,rice,Pyaterochka,900.0,117.76666666666665,,,,
3467,Макароны Barilla Пипе Ригате n.91 450г,109.99,450 г,pasta,Pyaterochka,450.0,244.42222222222222,,,,
3470,Макароны Baisad Гребешки 450г,57.99,450 г,pasta,Pyaterochka,450.0,128.86666666666667,,,,
3472,Макароны Baisad пружинка 450г,57.99,450 г,pasta,Pyaterochka,450.0,128.86666666666667,,,,
3473,Рис Global Village Басмати шлифованный 5х80г,179.99,400 г,rice,Pyaterochka,400.0,449.975,,,,
3474,Рис Агро-Альянс Кубанский Экстра 900г,158.99,900 г,rice,Pyaterochka,900.0,176.65555555555557,,,,
3475,Рис Global Village бурый 800г,146.99,800 г,rice,Pyaterochka,800.0,183.7375,,,,
3478,Рис Агро-альянс Экстра Элитный длиннозерный 900г,169.99,900 г,rice,Pyaterochka,900.0,188.8777777777778,,,,
3482,Макароны Baisad Звездочки для супчика 250г,63.99,250 г,pasta,Pyaterochka,250.0,255.96,,,,
3483,Макароны Grand Di Pasta Farfalle 400г,73.99,400 г,pasta,Pyaterochka,400.0,184.975,,,,
3484,Спагетти Federici №3 из риса и кукурузы без глютена 250г,92.99,250 г,pasta,Pyaterochka,250.0,371.96,,,,
3486,Рис Националь Бальдо 800г,156.79,800 г,rice,Pyaterochka,800.0,195.98749999999998,,,,
3487,Макароны Barilla Лазанья 500г,279.99,500 г,pasta,Pyaterochka,500.0,559.98,,,,
3490,Рис Мистраль Кубань белый круглозёрный 900г,179.19,900 мл,rice,Pyaterochka,900.0,199.1,,,900.0,199.1
3491,Рис Мистраль Янтарь длиннозерный пропаренный 900г,226.99,900 мл,rice,Pyaterochka,900.0,252.2111111111111,,,900.0,252.2111111111111
3497,Рис Global Village Жасмин 5х80г,137.99,5 шт,rice,Pyaterochka,400.0,344.975,5.0,27.598000000000003,,
3502,Макароны Baisad Рожки с сырным соусом Чеддер 270г,139.99,270 г,pasta,Pyaterochka,270.0,518.4814814814815,,,,
3503,Рис Агро-Альянс Экстра Gold пропаренный 900г,209.99,900 г,rice,Pyaterochka,900.0,233.32222222222222,,,,
3506,Макароны Grand Di Pasta Campanelle 450г,69.99,450 г,pasta,Pyaterochka,450.0,155.53333333333333,,,,
3510,Гречка Мистраль Фермерская 900г,169.99,900 г,buckwheat,Pyaterochka,900.0,188.8777777777778,,,,
3513,Макароны Federici №42 спиральки 400г,99.99,400 г,pasta,Pyaterochka,400.0,249.97499999999997,,,,
3514,Рис Националь Пилаф 800г,169.99,800 г,rice,Pyaterochka,800.0,212.4875,,,,
3516,Рис Global Village шлифованный 450г,187.99,450 г,rice,Pyaterochka,450.0,417.7555555555556,,,,
3521,Макароны Liguori Farfalle №30 450г,149.99,450 г,pasta,Pyaterochka,450.0,333.31111111111113,,,,
3523,Спагетти Liguori №3 450г,149.99,450 г,pasta,Pyaterochka,450.0,333.31111111111113,,,,
3526,Крупа Увелка гречневая ядрица 450г,122.99,450 г,buckwheat,Pyaterochka,450.0,273.31111111111113,,,,
3530,Рис Yelli Бириани 250г,224.99,250 г,rice,Pyaterochka,250.0,899.96,,,,
3597,Чай Greenfield Kenyan Sunrise черный в пакетиках 100х2г,439.99,200 г,tea,Pyaterochka,200.0,2199.95,,,,
3598,Сахар белый песок 1кг,59.99,1 кг,sugar,Pyaterochka,1000.0,59.99,,,,
3599,Сахар Селяночка белый 1кг,97.49,1 кг,sugar,Pyaterochka,1000.0,97.49,,,,
3600,Сахар Русский рафинад прессованный 500г,63.99,500 г,sugar,Pyaterochka,500.0,127.98,,,,
3601,Чай черный Greenfield Golden Ceylon 100шт.,399.99,200 г,tea,Pyaterochka,200.0,1999.95,100.0,3.9999000000000002,,
3602,Чай черный Азерчай Букет 25х2г,73.49,25 шт,tea,Pyaterochka,50.0,1469.8,25.0,2.9396,,
3604,"Чай черный Curtis Blue Berries blues чёрная смородина, ежевика, черника и василёк 20х1.8г",111.99,20 шт,tea,Pyaterochka,36.0,3110.8333333333335,20.0,5.5995,,
3606,Чай черный Greenfield Золотой Цейлон 25х2г,139.99,25 шт,tea,Pyaterochka,50.0,2799.8,25.0,5.599600000000001,,
3609,Чай Tess Pleasure черный с шиповником и яблоком в пакетиках 25х1.5г,129.99,38 г,tea,Pyaterochka,37.5,3466.4,,,,
3611,Чай зеленый Curtis Fresh Mojito 20х1.7г,111.99,34 г,tea,Pyaterochka,34.0,3293.8235294117644,,,,
3612,Чай черный Greenfield Earl Grey Fantasy с бергамотом 25х2г,139.99,25 шт,tea,Pyaterochka,50.0,2799.8,25.0,5.599600000000001,,
3614,Сахар Советский Экстра 1кг,102.99,1 кг,sugar,Pyaterochka,1000.0,102.99,,,,
3616,Чай черный Tess Forest Dream в пирамидках 20х1.8г,109.99,36 г,tea,Pyaterochka,36.0,3055.2777777777774,,,,
3620,Сахар-рафинад 1кг,80.99,1 кг,sugar,Pyaterochka,1000.0,80.99,,,,
3623,Чай Richard Lord Grey черный бергамот-лимон 25х2г,134.39,50 г,tea,Pyaterochka,50.0,2687.7999999999997,,,,
3624,Сахар Сытое царство белый кристаллический свекловичный 500г,40.99,500 г,sugar,Pyaterochka,500.0,81.98,,,,
3628,Чай черный Принцесса Нури Высокогорный 100х2г,184.99,100 шт,tea,Pyaterochka,200.0,924.95,100.0,1.8499,,
3629,Чай Азерчай Букет черный байховый крупнолистовой 100г,194.99,100 г,tea,Pyaterochka,100.0,1949.9,,,,
3631,Кофе Жокей По-восточному натуральный жареный молотый 250г,278.99,250 г,ground_coffee,Pyaterochka,250.0,1115.96,,,,
3633,Чай Greenfield Spring Melody черный в пакетиках 25х1.5г,105.99,45 г,tea,Pyaterochka,37.5,2826.4,,,,
3634,Чай зеленый Greenfield Green melissa 25х1.5г,149.99,25 шт,tea,Pyaterochka,37.5,3999.7333333333336,25.0,5.9996,,
3635,Чай черный Лисма Насыщенный индийский 25х1.8г,55.99,25 шт,tea,Pyaterochka,45.0,1244.2222222222224,25.0,2.2396000000000003,,
3637,Чай травяной Greenfield Summer Bouquet 25х2г,119.99,25 шт,tea,Pyaterochka,50.0,2399.7999999999997,25.0,4.7996,,
3639,Чай Curtis Sunny Lemon черный в пакетиках 20х1.47г,93.99,34 г,tea,Pyaterochka,29.4,3196.938775510204,,,,
3641,Чай черный Tess Pleasure шиповник-яблоко 100х1.5г,262.99,100 шт,tea,Pyaterochka,150.0,1753.2666666666667,100.0,2.6299,,
3642,Чай зеленый Assand Young Melissa с мелиссой 25x1.5г,99.99,25 шт,tea,Pyaterochka,37.5,2666.4,25.0,3.9995999999999996,,
3644,Чай Greenfield Earl Grey Fantasy черный с бергамотом 100х2г,456.99,200 г,tea,Pyaterochka,200.0,2284.9500000000003,,,,
3648,Чай черный Greenfield Earl Grey Fantasy с бергамотом 100г,169.99,100 г,tea,Pyaterochka,100.0,1699.9,,,,
3650,Чай зеленый Curtis Delicate Mango 20х1.8г,93.99,20 шт,tea,Pyaterochka,36.0,2610.8333333333335,20.0,4.6995,,
3653,Чай черный Принцесса Нури Высокогорный 25х2г,57.99,25 шт,tea,Pyaterochka,50.0,1159.8,25.0,2.3196,,
3655,Чай черный Greenfield Золотой Цейлон листовой 100г,169.99,100 г,tea,Pyaterochka,100.0,1699.9,,,,
3656,Чай Greenfield Грин мелисса зеленый с ароматом мяты и лимона в пакетиках 100х1.5г,402.99,150 г,tea,Pyaterochka,150.0,2686.6,,,,
3659,Чай черный Азерчай Букет 100х2г,204.99,100 шт,tea,Pyaterochka,200.0,1024.95,100.0,2.0499,,
3660,Чай черный Richard Royal ceylon байховый 100х2г,294.99,100 шт,tea,Pyaterochka,200.0,1474.95,100.0,2.9499,,
3662,Чай зеленый Assand Milk Oolong китайский молочный улун 25x2г,105.99,25 шт,tea,Pyaterochka,50.0,2119.7999999999997,25.0,4.239599999999999,,
3663,"Чай травяной Honey Kid яблоко, липовый цвет и мелисса для детей с 4 мес. 85г",113.99,85 г,tea,Pyaterochka,85.0,1341.0588235294117,,,,
3666,Чай черный Майский Лесные ягоды 25х1.5г,72.79,37 г,tea,Pyaterochka,37.5,1941.0666666666668,,,,
3668,Кофе молотый Monarch Original натуральный жареный 230г,349.99,230 г,ground_coffee,Pyaterochka,230.0,1521.695652173913,,,,
3671,Кофе Lavazza Crema e Gusto молотый 250г,453.99,250 г,ground_coffee,Pyaterochka,250.0,1815.96,,,,
3672,Чай черный Assand Charming Thyme с чабрецом 25х2г,99.99,25 шт,tea,Pyaterochka,50.0,1999.7999999999997,25.0,3.9995999999999996,,
3675,Чай черный Akbar Akbar Mountain Fresh 25х2г,69.99,25 шт,tea,Pyaterochka,50.0,1399.8,25.0,2.7996,,
3677,Чай Tess Санрайз черный в пакетиках 100х1.8г,302.39,180 г,tea,Pyaterochka,180.0,1679.9444444444446,,,,
3679,Кофе Lebo Принц Лебо арабика молотый для турки 100г,189.99,100 мл,ground_coffee,Pyaterochka,100.0,1899.9,,,100.0,1899.9
3681,Чай черный Richard Lord Grey с бергамотом 90г,145.99,90 г,tea,Pyaterochka,90.0,1622.1111111111113,,,,
3682,Чай черный Ahmad Tea Earl Grey 25х2г,134.39,25 шт,tea,Pyaterochka,50.0,2687.7999999999997,25.0,5.3755999999999995,,
3683,Чай черный Ahmad Tea Mango Magic с ароматом манго 25х1.5г,134.39,25 шт,tea,Pyaterochka,37.5,3583.733333333333,25.0,5.3755999999999995,,
3685,Чай Greenfield Золотой цейлон черный цейлонский листовой 200г,259.99,200 г,tea,Pyaterochka,200.0,1299.95,,,,
3686,Чай Greenfield Kenyan Sunrise черный в пакетиках 25х2г,139.99,50 г,tea,Pyaterochka,50.0,2799.8,,,,
3690,Чай черный Richard Royal Peach & Mint с ароматом персика и мяты 25х1.7г,109.99,25 шт,tea,Pyaterochka,42.5,2588.0,25.0,4.3995999999999995,,
3691,Чай зеленый Assand Jasmine Blossom китайский с жасмином 25х2г,99.99,25 шт,tea,Pyaterochka,50.0,1999.7999999999997,25.0,3.9995999999999996,,
3692,Чай черный Richard Royal classic Эрл Грей с бергамотом 100х2г,309.99,100 шт,tea,Pyaterochka,200.0,1549.95,100.0,3.0999,,
3694,Кофе Жокей ирландские сливки молотый 150г,247.99,150 г,ground_coffee,Pyaterochka,150.0,1653.2666666666667,,,,
3696,Чай Akbar Цейлон черный в пакетиках 100х2г,426.99,200 г,tea,Pyaterochka,200.0,2134.95,,,,
3697,Чай Richard Роял Цейлон черный в сашетах 25х2г,109.99,50 г,tea,Pyaterochka,50.0,2199.7999999999997,,,,
3698,Сахар Global Village нерафинированный тростниковый кристаллический 500г,178.99,500 г,sugar,Pyaterochka,500.0,357.98,,,,
3699,Чай черный Assand Mysterious Berry с ягодами и травами 25x1.5г,99.99,25 шт,tea,Pyaterochka,37.5,2666.4,25.0,3.9995999999999996,,
3700,Чай черный Принцесса Нури Магия бергамота 100х2г,199.99,100 шт,tea,Pyaterochka,200.0,999.95,100.0,1.9999,,
3701,Сахар Global Village тростниковый кусковой нерафинированный 500г,166.99,500 г,sugar,Pyaterochka,500.0,333.98,,,,
3703,Чай черный Assand Earl Grey 25х2г,99.99,25 шт,tea,Pyaterochka,50.0,1999.7999999999997,25.0,3.9995999999999996,,
3705,Чай зеленый Curtis Hugo Cocktail 20х1.8г,93.99,20 шт,tea,Pyaterochka,36.0,2610.8333333333335,20.0,4.6995,,
3708,Кофе Jardin Americano Crema молотый 250г,317.99,250 г,ground_coffee,Pyaterochka,250.0,1271.96,,,,
3710,Чай Richard Королевский цейлон черный листовой 90г,145.99,90 г,tea,Pyaterochka,90.0,1622.1111111111113,,,,
3711,Сахар Чайкофский белый кусковой 250г,48.99,250 г,sugar,Pyaterochka,250.0,195.96,,,,
3712,Чай ассорти Curtis Happy Holidays dessert tea collection 58.5г,459.99,30 шт,tea,Pyaterochka,58.5,7863.076923076923,30.0,15.333,,
3713,Чай Лисма чёрный байховый индийский крепкий в пакетиках 100х2г,182.55,200 г,tea,Pyaterochka,200.0,912.7500000000001,,,,
3715,Чай черный Ahmad Strawberry Cream с ароматом клубники со сливками 25х1.5г,119.99,25 шт,tea,Pyaterochka,37.5,3199.733333333333,25.0,4.7996,,
3716,Чай Бабушкино лукошко детский травяной Ромашка 20x1г,127.99,20 г,tea,Pyaterochka,20.0,6399.5,,,,
3720,Чай черный Greenfield Spring Melody 100х1.5г,369.59,100 шт,tea,Pyaterochka,150.0,2463.9333333333334,100.0,3.6959,,
3721,Чай черный Assand Magnetic Mint с мятой 25x2г,105.99,25 шт,tea,Pyaterochka,50.0,2119.7999999999997,25.0,4.239599999999999,,
3722,Чай черный Майский Корона Российской Империи 200г,251.99,200 г,tea,Pyaterochka,200.0,1259.95,,,,
3724,Чай черный Richard Royal Berries Selection лесные ягоды 25х1.7г,149.99,25 шт,tea,Pyaterochka,42.5,3529.1764705882356,25.0,5.9996,,
3725,Чай зеленый Ahmad Tea Китайский 25х1.8г,89.59,25 шт,tea,Pyaterochka,45.0,1990.888888888889,25.0,3.5836,,
3726,Чай черный Майский Отборный Цейлон 25х2г,72.79,25 шт,tea,Pyaterochka,50.0,1455.8000000000002,25.0,2.9116000000000004,,
3727,Кофе Venetto молотый натуральный жареный 250г,329.99,250 г,ground_coffee,Pyaterochka,250.0,1319.96,,,,
3730,Кофе молотый Живой Кофе Arabica жареный 200г,286.99,200 г,ground_coffee,Pyaterochka,200.0,1434.95,,,,
3731,Чай зеленый Greenfield Flying Dragon крупнолистовой 100г,151.19,100 г,tea,Pyaterochka,100.0,1511.9,,,,
3735,Чай Азерчай Букет черный байховый крупнолистовой 200г,322.99,200 г,tea,Pyaterochka,200.0,1614.95,,,,
3736,Кофе молотый Красная цена средней обжарки 100г,99.99,100 г,ground_coffee,Pyaterochka,100.0,999.8999999999999,,,,
3738,Чай черный Майский Корона Российской Империи цейлонский листовой 100г,145.59,100 г,tea,Pyaterochka,100.0,1455.8999999999999,,,,
3739,Кофе Fresco Arabica Blend жареный молотый 250г,402.99,250 г,ground_coffee,Pyaterochka,250.0,1611.96,,,,
3742,Кофе Egoiste Espresso молотый 250г,556.99,250 г,ground_coffee,Pyaterochka,250.0,2227.96,,,,
3745,Чай черный Ahmad Tea Earl Grey с ароматом бергамота 100х2г,470.39,100 шт,tea,Pyaterochka,200.0,2351.95,100.0,4.7039,,
3747,Чай черный Assand Highborn Earl Grey с ароматом бергамота 100х2г,289.99,100 шт,tea,Pyaterochka,200.0,1449.95,100.0,2.8999,,
3748,Чай зеленый Richard Royal Moroccan Mint 25х2г,149.99,25 шт,tea,Pyaterochka,50.0,2999.8,25.0,5.9996,,
3750,Чай черный Принцесса Канди цейлонский 100х2г,199.99,100 шт,tea,Pyaterochka,200.0,999.95,100.0,1.9999,,
3752,Чай черный Assand Highborn Earl Grey с ароматом бергамота 100г,132.99,100 г,tea,Pyaterochka,100.0,1329.9,,,,
3753,Чай черный Assand Famous Ceylon 100г,132.99,100 г,tea,Pyaterochka,100.0,1329.9,,,,
3754,Чай травяной Greenfield Wildberry Rooibus с кусочками земляники и клюквы 25х1.5г,148.99,25 шт,tea,Pyaterochka,37.5,3973.066666666667,25.0,5.9596,,
3755,Чай черный Ahmad Tea Классический листовой 200г,249.99,200 г,tea,Pyaterochka,200.0,1249.95,,,,
3759,Сахар Экстра белый кусковой 500г,70.99,500 г,sugar,Pyaterochka,500.0,141.98,,,,
3760,Кофе молотый Piazza Del Caffe Gusto Forte темнообжаренный 250г,329.99,250 г,ground_coffee,Pyaterochka,250.0,1319.96,,,,
3761,Чай черный Assand Famous Ceylon 100х2г,289.99,100 шт,tea,Pyaterochka,200.0,1449.95,100.0,2.8999,,
3763,Чай черный Curtis Delicate Black 25х1.7г,144.99,25 шт,tea,Pyaterochka,42.5,3411.5294117647063,25.0,5.799600000000001,,
3766,Чай Ahmad Tea Earl Grey черный 200г,380.79,200 г,tea,Pyaterochka,200.0,1903.95,,,,
3767,Чай черный Richard Королевский английский завтрак 100x2г,309.99,100 шт,tea,Pyaterochka,200.0,1549.95,100.0,3.0999,,
3771,Чай черный Assand Цейлонский 25х2г,99.99,50 г,tea,Pyaterochka,50.0,1999.7999999999997,,,,
3772,Чай зеленый Assand Jasmine Blossom с жасмином 100г,132.99,100 г,tea,Pyaterochka,100.0,1329.9,,,,
3778,Чай черный Принцесса Канди Медиум цейлонский 100г,89.99,100 г,tea,Pyaterochka,100.0,899.9,,,,
3779,Чай черный Dilmah Ceylon Orange Pekoe крупнолистовой 250г,369.59,250 г,tea,Pyaterochka,250.0,1478.36,,,,
3781,Чай черный байховый индийский 100х1.6г,109.99,100 шт,tea,Pyaterochka,160.0,687.4374999999999,100.0,1.0998999999999999,,
3783,Чай черный Beta Tea ОРА крупнолистовой 250г,329.99,250 г,tea,Pyaterochka,250.0,1319.96,,,,
3786,Кофе Monarch Gold Arabica натуральный жареный молотый 200г,359.99,200 г,ground_coffee,Pyaterochka,200.0,1799.95,,,,
3789,Чай черный Майский Корона Российской Империи цейлонский 100х2г,289.99,100 шт,tea,Pyaterochka,200.0,1449.95,100.0,2.8999,,
3791,Чай черный Ahmad Tea Earl Grey с ароматом бергамота листовой 100г,201.59,100 мл,tea,Pyaterochka,100.0,2015.9000000000003,,,100.0,2015.9000000000003
3792,Чай зеленый Assand Chinese Green листовой 100г,132.99,100 г,tea,Pyaterochka,100.0,1329.9,,,,
3793,Чай черный Dilmah Ceylon Orange Pekoe крупнолистовой 100г,190.39,100 г,tea,Pyaterochka,100.0,1903.8999999999999,,,,
3797,Чай Крепкие Традиции черный 25х2г,46.99,50 г,tea,Pyaterochka,50.0,939.8000000000001,,,,
3799,Чай черный Tess Banana Split 20х1.8г,132.99,20 шт,tea,Pyaterochka,36.0,3694.166666666667,20.0,6.649500000000001,,
3804,Чай черный Красная Цена 20х2г,25.99,40 г,tea,Pyaterochka,40.0,649.7499999999999,,,,
3805,Чай черный Крепкие традиции Цейлонский крупнолистовой 250г,159.99,250 г,tea,Pyaterochka,250.0,639.96,,,,
3807,Чай черный Tess Санрайз в пакетиках 25х1.8г,119.99,45 г,tea,Pyaterochka,45.0,2666.4444444444443,,,,
3808,Чай зеленый Assand Fresh summer Лайм с цедрой цитрусовых 100x1.5г,299.99,100 шт,tea,Pyaterochka,150.0,1999.9333333333334,100.0,2.9999000000000002,,
3810,Чай Tess Flame фруктовый с земляникой и розовым перцем в пакетиках 25х2г,104.99,50 г,tea,Pyaterochka,50.0,2099.8,,,,
3813,Чай зеленый Принцесса Ява Традиционный китайский 200г,156.79,200 г,tea,Pyaterochka,200.0,783.9499999999999,,,,
3814,Чай черный Assand Apple Orchard 100x1.5г,299.99,100 шт,tea,Pyaterochka,150.0,1999.9333333333334,100.0,2.9999000000000002,,
3815,Чай черный Assand Kenyan tea 100х2г,289.99,100 шт,tea,Pyaterochka,200.0,1449.95,100.0,2.8999,,
3817,Чай Красная цена черный мелколистовой 100г,29.99,100 г,tea,Pyaterochka,100.0,299.9,,,,
3818,Чай Ahmad Tea зеленый с жасмином в пакетиках 25х2г,109.99,50 г,tea,Pyaterochka,50.0,2199.7999999999997,,,,
3820,Чай зеленый Зеленая панда Молочный туман китайский молочный оолонг 100г,232.99,100 г,tea,Pyaterochka,100.0,2329.9,,,,
3821,Чай травяной Greenfield Natural Tisane Lemongrass & Schisandra 20х1.8г,199.99,20 шт,tea,Pyaterochka,36.0,5555.277777777778,20.0,9.999500000000001,,
3825,Чай черный Крепкие Традиции байховый 100х2г,179.99,200 г,tea,Pyaterochka,200.0,899.95,,,,
3826,Чай черный Akbar GFold цейлонский 25х2г,95.19,25 шт,tea,Pyaterochka,50.0,1903.8,25.0,3.8076,,
3831,Кофе молотый Julius Meinl Президент натуральный жареный 220г,466.99,220 г,ground_coffee,Pyaterochka,220.0,2122.6818181818185,,,,
3833,Чай черный Akbar Limited Edition крупнолистовой 200г,243.99,200 г,tea,Pyaterochka,200.0,1219.95,,,,
3834,Чай черный Ahmad Tea Английский завтрак 100х2г,470.39,100 шт,tea,Pyaterochka,200.0,2351.95,100.0,4.7039,,
3835,Чай черный Champion Pekoe цейлонский 100г,189.99,100 г,tea,Pyaterochka,100.0,1899.9,,,,
3839,Чай черный Greenfield Fine Ceylon байховый цейлонский крупнолистовой 90г,189.99,90 г,tea,Pyaterochka,90.0,2111.0,,,,
3841,Сахар Naturiqa Экстра белый кусковой 500г,76.99,500 г,sugar,Pyaterochka,500.0,153.98,,,,
3845,Чай черный Крепкие Традиции крупнолистовой 200г,129.99,200 г,tea,Pyaterochka,200.0,649.95,,,,
3847,Чай черный Dilmah Английский завтрак 100x2г,481.59,100 шт,tea,Pyaterochka,200.0,2407.95,100.0,4.8159,,
3851,Кофе Coffesso Brazil Alto жареный молотый в дрип-пакетах среднеобжаренный 5х10г,205.99,5 шт,ground_coffee,Pyaterochka,50.0,4119.8,5.0,41.198,,
3852,"Кофе Coffesso Crema Delicato жареный молотый, 5x9г",205.99,45 г,ground_coffee,Pyaterochka,45.0,4577.555555555556,,,,
3855,"Кофе Carte Noire Original жареный молотый, 230г",469.99,230 г,ground_coffee,Pyaterochka,230.0,2043.4347826086955,,,,
3856,Кофе молотый Carte Noire Crema Delice 230г,469.99,230 г,ground_coffee,Pyaterochka,230.0,2043.4347826086955,,,,
3858,Чай черный Beta tea Golden quality 100х1.5г,449.99,100 шт,tea,Pyaterochka,150.0,2999.9333333333334,100.0,4.4999,,
3860,Чай ассорти Greenfield Нэйчерал Тизан коллекция 54г,442.99,30 шт,tea,Pyaterochka,54.0,8203.51851851852,30.0,14.766333333333334,,
3863,Чай черный Принцесса Гита Индийский 100х2г,179.19,100 шт,tea,Pyaterochka,200.0,895.95,100.0,1.7919,,
3864,Кофе Coffesso Classico Italiano жареный молотый 5x9г,205.99,45 г,ground_coffee,Pyaterochka,45.0,4577.555555555556,,,,
3865,Чай черный Curtis Tender Moments ароматизированный 100х1.5г,349.99,100 шт,tea,Pyaterochka,150.0,2333.266666666667,100.0,3.4999000000000002,,
3866,Чай зеленый Японская матча Вкус & Польза премиум порошковый 50г,308.99,50 г,tea,Pyaterochka,50.0,6179.8,,,,
3870,Соль поваренная пищевая 1кг,17.99,1 кг,salt,Pyaterochka,1000.0,17.99,,,,
3875,Соль Экстра йодированная выварочная 500г,75.99,500 г,salt,Pyaterochka,500.0,151.98,,,,
3886,Соль Salina пищевая каменная 1кг,38.99,1 кг,salt,Pyaterochka,1000.0,38.99,,,,
3902,Соль Sea Salt морская йодированная 500г,66.99,500 г,salt,Pyaterochka,500.0,133.98,,,,
3916,Соль Экстра выварочная пищевая 500г,83.99,500 г,salt,Pyaterochka,500.0,167.98,,,,
3943,Соль Sea Salt морская пищевая крупная 500г,66.99,500 г,salt,Pyaterochka,500.0,133.98,,,,
3969,Соль Валетек пищевая с пониженным содержанием натрия-калий-магний-йод 350г,82.99,350 г,salt,Pyaterochka,350.0,237.1142857142857,,,,
3974,Соль Щепотка Чесночная пищевая 120г,80.99,120 г,salt,Pyaterochka,120.0,674.9166666666666,,,,
3975,Масло подсолнечное Слобода рафинированное дезодорированное 1л,151.19,1 л,sunflower_oil,Pyaterochka,,,,,1000.0,151.19
3976,Масло Олейна подсолнечное рафинированное дезодорированное 1с 1л,144.99,1 л,sunflower_oil,Pyaterochka,,,,,1000.0,144.99
3977,Масло подсолнечное Благо дезодорированное вымороженное 1л,158.99,1 л,sunflower_oil,Pyaterochka,,,,,1000.0,158.99
3978,Масло Altero подсолнечное с добавлением оливкового 810мл,164.99,810 мл,sunflower_oil,Pyaterochka,,,,,810.0,203.69135802469137
3979,Масло Золотая семечка подсолнечное рафинированное 1л,144.99,1 л,sunflower_oil,Pyaterochka,,,,,1000.0,144.99
3980,Масло Золотая Семечка подсолнечное рафинированное 500мл,67.99,500 мл,sunflower_oil,Pyaterochka,,,,,500.0,135.98
3981,Масло подсолнечное Слобода рафинированное 1.8л,267.99,1.8 л,sunflower_oil,Pyaterochka,,,,,1800.0,148.88333333333333
3982,Масло Селяночка подсолнечное рафинированное дезодорированное 1л,144.99,1 л,sunflower_oil,Pyaterochka,,,,,1000.0,144.99
3984,Масло Селяночка подсолнечное нерафинированное 650мл,123.99,650 мл,sunflower_oil,Pyaterochka,,,,,650.0,190.75384615384613
3985,Масло подсолнечное Олейна рафинированное дезодорированное 1 сорт 2л,278.99,2 л,sunflower_oil,Pyaterochka,,,,,2000.0,139.495
3986,Масло подсолнечное Слобода с добавлением оливкового 1л,160.15,1 л,sunflower_oil,Pyaterochka,,,,,1000.0,160.15
3989,Масло Mr. Ricco подсолнечное рафинированное дезодорированное 1л,159.99,1 л,sunflower_oil,Pyaterochka,,,,,1000.0,159.99
3992,Масло Global Village Selection подсолнечное с добавлением оливкового 870мл,179.99,870 мл,sunflower_oil,Pyaterochka,,,,,870.0,206.88505747126436
3994,Масло Altrero Almond подсолнечное рафинированное с добавлением миндального 810мл,166.99,810 мл,sunflower_oil,Pyaterochka,,,,,810.0,206.1604938271605
4774,Вода Красная цена негазированная 5л,69.99,5 л,water,Pyaterochka,,,,,5000.0,13.997999999999998
4776,Вода артезианская Societe Minerale питьевая негазированная 5л,89.99,5 л,water,Pyaterochka,,,,,5000.0,17.998
4779,Вода питьевая Сенежская негазированная 1.5л,39.99,1.5 л,water,Pyaterochka,,,,,1500.0,26.66
4781,Вода Honey Kid негазированная для детей 0+ мес. 5л,109.99,5 л,water,Pyaterochka,,,,,5000.0,21.998
4785,Вода Святой источник природная негазированная 5л,144.99,5 л,water,Pyaterochka,,,,,5000.0,28.998000000000005
4786,Вода Шишкин лес питьевая негазированная 5л,149.99,5 л,water,Pyaterochka,,,,,5000.0,29.998
4788,Вода Пилигрим минеральная питьевая столовая негазированная 1.5л,44.99,1.5 л,water,Pyaterochka,,,,,1500.0,29.993333333333332
4790,Вода Святой источник негазированная 1.5л,61.99,1.5 л,water,Pyaterochka,,,,,1500.0,41.32666666666667
4792,Вода ФрутоНяня детская негазированная с 0 мес. 330мл,32.99,330 мл,water,Pyaterochka,,,,,330.0,99.96969696969697
4793,Вода Черноголовка артезианская негазированная 2.5л,82.99,2.5 л,water,Pyaterochka,,,,,2500.0,33.196
4794,Вода ФрутоНяня негазированная с 0 мес. 1.5л,50.99,1.5 л,water,Pyaterochka,,,,,1500.0,33.99333333333333
4795,Вода Красная цена питьевая негазированная 1.5 л,24.99,1.5 л,water,Pyaterochka,,,,,1500.0,16.659999999999997
4798,Вода Святой Источник Светлячок негазированная 5л,133.99,5 л,water,Pyaterochka,,,,,5000.0,26.798000000000002
4800,Вода Шишкин лес питьевая негазированная 1.75л,69.99,1.75 л,water,Pyaterochka,,,,,1750.0,39.99428571428571
4802,Вода Шишкин Лес питьевая негазированная 1л,52.99,1 л,water,Pyaterochka,,,,,1000.0,52.99
4806,Вода Пилигрим минеральная негазированная 0.5л,31.99,500 мл,water,Pyaterochka,,,,,500.0,63.98
4807,Вода Societe Minerale негазированная 1.5л,39.99,1.5 л,water,Pyaterochka,,,,,1500.0,26.66
4809,Вода Архыз Вита горная для детей старше 3-х лет минеральная негазированная 5л,109.99,5 л,water,Pyaterochka,,,,,5000.0,21.998
4811,Вода Святой источник Светлячок артезианская негазированная в ассортименте 330мл,37.99,350 мл,water,Pyaterochka,,,,,330.0,115.12121212121212
4814,Вода Святой источник негазированная 1л,57.99,1 л,water,Pyaterochka,,,,,1000.0,57.99
4815,Вода Святой источник негазированная 0.5л,44.99,500 мл,water,Pyaterochka,,,,,500.0,89.98
4819,Вода Societe Minerale лимонная негазированная 0.5л,46.99,500 мл,water,Pyaterochka,,,,,500.0,93.98
4822,Вода Святой источник Спорт негазированная 750мл,63.99,750 мл,water,Pyaterochka,,,,,750.0,85.32000000000001
4825,Вода Societe Minerale Originale негазированная 0.5л,29.99,500 мл,water,Pyaterochka,,,,,500.0,59.98
4830,Вода питьевая Сенежская негазированная 0.5л,29.99,500 мл,water,Pyaterochka,,,,,500.0,59.98
4833,Вода Святой источник Спортик артезианская йод-калиевая негазированная 0.33л,38.99,330 мл,water,Pyaterochka,,,,,330.0,118.15151515151516
4836,Вода Арктик природная питьевая негазированная 2л,74.99,2 л,water,Pyaterochka,,,,,2000.0,37.495
4837,Вода Honey Kid негазированная с 0 мес. 1.5л,46.99,1.5 л,water,Pyaterochka,,,,,1500.0,31.326666666666668
4839,Вода Шишкин лес Спорт негазированная 400мл,52.99,400 мл,water,Pyaterochka,,,,,400.0,132.47500000000002
4844,Вода Шишкин лес Спорт питьевая негазированная 1л,73.99,1 л,water,Pyaterochka,,,,,1000.0,73.99
4846,Вода Архыз Горная детская природная питьевая детская столовая негазированная 1.5л,63.99,1.5 л,water,Pyaterochka,,,,,1500.0,42.660000000000004
4847,Вода Baikal 430м природная негазированная 450мл,73.99,450 мл,water,Pyaterochka,,,,,450.0,164.42222222222222
4850,Вода Baikal 430м Глубинная негазированная 0.85л,127.99,850 мл,water,Pyaterochka,,,,,850.0,150.57647058823528
4851,Вода Aqua Minerale Active малина негазированная 0.5л,79.99,500 мл,water,Pyaterochka,,,,,500.0,159.98
4852,Вода Aqua Minerale негазированная 1л,73.99,1 л,water,Pyaterochka,,,,,1000.0,73.99
4858,Вода Aqua Minerale негазированная 0.5л,68.99,500 мл,water,Pyaterochka,,,,,500.0,137.98
5545,Йогурт Растишка яблоко-груша с печеньем в шоколаде 3% 118г,63.99,118 г,yogurt,Pyaterochka,118.0,542.2881355932203,,,,
5560,Йогурт Растишка Клубничный пломбир 2.8% 190г,78.99,190 мл,yogurt,Pyaterochka,190.0,415.7368421052631,,,190.0,415.7368421052631
5566,Йогурт ФрутоНяня Малина с 8 мес. 2.5% БЗМЖ 200г,49.99,200 г,yogurt,Pyaterochka,200.0,249.95000000000002,,,,
5567,"Йогурт ФрутоНяня Клубника, банан с 8 мес. 2.5% БЗМЖ 200г",49.99,200 г,yogurt,Pyaterochka,200.0,249.95000000000002,,,,
5575,Йогурт Тёма малина-шиповник с 8 мес. 2.8% 210г,50.99,210 мл,yogurt,Pyaterochka,210.0,242.8095238095238,,,210.0,242.8095238095238
5584,Йогурт Тема банан-земляника 2.8% 210г,50.99,210 мл,yogurt,Pyaterochka,210.0,242.8095238095238,,,210.0,242.8095238095238
5598,Йогурт Растишка Клубника со злаковым драже в шоколаде 3% 115г,68.99,115 г,yogurt,Pyaterochka,115.0,599.9130434782608,,,,
5664,Йогурт Растишка со вкусом земляничного мороженого 2.6% 70г,54.99,70 г,yogurt,Pyaterochka,70.0,785.5714285714286,,,,
5696,Йогурт Растишка Малина-банан с 3 лет 2.6% 70г,54.99,70 г,yogurt,Pyaterochka,70.0,785.5714285714286,,,,
5724,Молоко ультрапастеризованное Агуша детское 3.2% с 3 лет 950г,154.99,925 мл,milk,Pyaterochka,950.0,163.14736842105265,,,925.0,167.55675675675678
5742,Молоко стерилизованное Агуша детское 2.5% с 8 месяцев 200мл,52.99,200 мл,milk,Pyaterochka,,,,,200.0,264.95000000000005
5758,Молоко стерилизованное Агуша детское  3.2% с 3 лет 500г,94.99,487 мл,milk,Pyaterochka,500.0,189.98,,,487.0,195.0513347022587
5764,Молоко Ухтышки ультрапастеризованное для питания детей 3.2% 200мл,29.99,200 мл,milk,Pyaterochka,,,,,200.0,149.95
5766,Молоко ЭкоНива детское ультрапастеризованное 3.2% БЗМЖ 200мл,36.99,200 мл,milk,Pyaterochka,,,,,200.0,184.95000000000002
