,name,price,pricing_unit,supermarket,product_type,weight,price_kg,number_of_units,price_unit,volume,price_lit
0,"Макароны PASTA ZARA Спагетти, 500г",121.05,500г,Lenta,spaghetti,500.0,242.1,,,,
21,"Макароны DE CECCO Спагетти №12, 500г",382.49,500г,Lenta,spaghetti,500.0,764.98,,,,
35,"Макароны 365 ДНЕЙ Спагетти, группа В высший сорт, 400г",23.49,400г,Lenta,spaghetti,400.0,58.725,,,,
37,"Макароны AIDA Спагетти группа А высший сорт, 500г",84.2,500г,Lenta,spaghetti,500.0,168.4,,,,
45,"Макароны AMERIA Спагетти №3, группа В высший сорт, 900г",100.99,900г,Lenta,spaghetti,900.0,112.21111111111111,,,,
46,"Макароны GRANMULINO Premium Спагетти, 400г",107.49,400г,Lenta,spaghetti,400.0,268.72499999999997,,,,
47,"Макароны безглютеновые FEDERICI Спагетти, 400г",210.59,400г,Lenta,spaghetti,400.0,526.475,,,,
74,"Макароны ШЕБЕКИНСКИЕ Спагеттини №001, 450г",79.99,450г,Lenta,spaghetti,450.0,177.75555555555556,,,,
88,"Макароны GRAND DI PASTA Спагетти, 450г",104.2,450г,Lenta,spaghetti,450.0,231.55555555555557,,,,
90,"Макароны MAKFA Спагетти, вермишель длинная, 450г",74.99,450г,Lenta,spaghetti,450.0,166.64444444444442,,,,
104,"Макароны MARCO PANATTI Спагетти группа А высший сорт, 800г",90.49,800г,Lenta,spaghetti,800.0,113.1125,,,,
110,"Макароны ЛЕНТА Спагетти группа А, высший сорт, 450г",63.19,450г,Lenta,spaghetti,450.0,140.42222222222222,,,,
113,"Макароны безглютеновые ЛЕНТА LIFE Спагетти, из кукурузной муки, 300г",105.29,300г,Lenta,spaghetti,300.0,350.9666666666667,,,,
116,"Макароны MARCO PANATTI Спагетти, 400г",94.79,400г,Lenta,spaghetti,400.0,236.97500000000002,,,,
117,"Макароны ВЫБОР СЕМЬИ Спагетти группа В, 400г",42.19,400г,Lenta,spaghetti,400.0,105.475,,,,
352,"Филе грудки куриное ЛЕНТА FRESH, весовое",263.2,,Lenta,chicken_fillet,1000.0,263.2,,,,
360,"Филе куриное ПЕТЕЛИНКА, весовое",521.09,,Lenta,chicken_fillet,1000.0,521.09,,,,
371,"Филе грудки куриное ПЕРВАЯ СВЕЖЕСТЬ, весовое",445.31,,Lenta,chicken_fillet,1000.0,445.31,,,,
380,"Филе куриное ТРОЕКУРОВО, 900г",452.69,900г,Lenta,chicken_fillet,900.0,502.98888888888894,,,,
392,"Филе грудки ПАВА ПАВА большое, 800г",642.19,800г,Lenta,chicken_fillet,800.0,802.7375000000001,,,,
409,"Капуста белокочанная, весовая",155.97,,Lenta,cabbage,1000.0,155.97,,,,
411,"Морковь мытая, 1кг",78.99,1000г,Lenta,carrot,1000.0,78.99,,,,
414,"Томаты сливовидные, весовые",202.63,,Lenta,tomato,1000.0,202.63,,,,
415,"Огурец длинноплодный, шт",136.89,1шт,Lenta,cucumber,,,1.0,136.89,,
416,"Капуста белокочанная новый урожай, весовая",284.28,,Lenta,cabbage,1000.0,284.28,,,,
420,"Морковь мытая, весовая",42.15,,Lenta,carrot,1000.0,42.15,,,,
425,"Морковь мытая, 600г",73.69,600г,Lenta,carrot,600.0,122.81666666666666,,,,
426,"Лук репчатый, фасованный, весовой",110.54,,Lenta,onion,1000.0,110.54,,,,
428,"Томаты Бакинские, весовые",289.5,,Lenta,tomato,1000.0,289.5,,,,
429,"Огурцы среднеплодные гладкие, весовые",110.53,,Lenta,cucumber,1000.0,110.53,,,,
430,"Томаты розовые, Азербайджан, весовые",194.75,,Lenta,tomato,1000.0,194.75,,,,
431,"Огурцы среднеплодные колючие, весовые",189.5,,Lenta,cucumber,1000.0,189.5,,,,
432,"Огурцы короткоплодные колючие, весовые",194.75,,Lenta,cucumber,1000.0,194.75,,,,
440,"Томаты Коричневые, весовые",268.45,,Lenta,tomato,1000.0,268.45,,,,
442,"Огурцы среднеплодные Атлет колючие, 450г",263.19,450г,Lenta,cucumber,450.0,584.8666666666667,,,,
444,"Томаты черри микс, 250г",315.79,250г,Lenta,tomato,250.0,1263.16,,,,
449,"Морковь, весовая",18.42,,Lenta,carrot,1000.0,18.42,,,,
450,"Лук репчатый, весовой",28.95,,Lenta,onion,1000.0,28.95,,,,
453,"Баклажаны, весовые",121.05,,Lenta,eggplant,1000.0,121.05,,,,
455,"Огурцы тепличные гладкие среднеплодные, 600г",263.19,600г,Lenta,cucumber,600.0,438.65,,,,
457,"Огурцы тепличные колючие среднеплодные, 600г",263.19,600г,Lenta,cucumber,600.0,438.65,,,,
458,"Огурцы короткоплодные ЛЕНТА FRESH колючие, 450г",305.29,450г,Lenta,cucumber,450.0,678.4222222222222,,,,
459,"Огурцы ЛЕНТА FRESH корнишоны, 300г",347.39,300г,Lenta,cucumber,300.0,1157.9666666666667,,,,
461,"Лук репчатый, 500г",94.79,500г,Lenta,onion,500.0,189.58,,,,
462,"Томаты черри ЛЕНТА FRESH на ветке, 250г",294.79,250г,Lenta,tomato,250.0,1179.16,,,,
464,"Томаты розовые ЛЕНТА FRESH Фермерские, весовые",231.6,,Lenta,tomato,1000.0,231.6,,,,
465,"Лук репчатый отборный, 1кг",126.39,1000г,Lenta,onion,1000.0,126.39,,,,
467,"Томаты черри красные ФЛАМЕНКО на ветке, весовые",349.48,,Lenta,tomato,1000.0,349.48,,,,
468,"Томаты сливовидные ФЛАМЕНКО, 450г",263.19,450г,Lenta,tomato,450.0,584.8666666666667,,,,
469,"Томаты черри коричневые, 200г",263.19,200г,Lenta,tomato,200.0,1315.95,,,,
470,"Томаты черри, 400г",489.47,400г,Lenta,tomato,400.0,1223.6750000000002,,,,
471,"Томаты коктейльные, 350г",273.69,350г,Lenta,tomato,350.0,781.9714285714285,,,,
472,"Томаты черри, на ветке, 400г",463.19,400г,Lenta,tomato,400.0,1157.975,,,,
473,"Томаты черри Сладкая ягода, 200г",322.1,200г,Lenta,tomato,200.0,1610.5,,,,
474,"Томаты черри сливовидные, 200г",221.09,200г,Lenta,tomato,200.0,1105.45,,,,
475,"Томаты черри Сладкая ягода оранжевые, 200г",289.49,200г,Lenta,tomato,200.0,1447.45,,,,
476,"Томаты черри красные тепличные, 200г",231.59,200г,Lenta,tomato,200.0,1157.95,,,,
477,"Томаты ФЛАМЕНКО сливовидные, весовые",252.65,,Lenta,tomato,1000.0,252.64999999999998,,,,
483,"Томаты черри ФЛАМЕНКО красные, 250г",273.69,250г,Lenta,tomato,250.0,1094.76,,,,
484,"Томаты черри ВАУ круглые красные, 200г",263.19,200г,Lenta,tomato,200.0,1315.95,,,,
485,"Томаты ЛЕНТА FRESH коктейльные, на ветке, 350г",305.29,350г,Lenta,tomato,350.0,872.257142857143,,,,
486,"Томаты черри ВАУ круглые красные, на ветке, 200г",268.49,200г,Lenta,tomato,200.0,1342.45,,,,
487,"Кофе молотый TCHIBO Exclusive, 250г",729.47,250г,Lenta,ground_coffee,250.0,2917.88,,,,
489,"Кофе молотый ЖОКЕЙ По-Восточному натуральный жареный, 250г",422.1,250г,Lenta,ground_coffee,250.0,1688.4,,,,
491,"Кофе молотый ЖОКЕЙ По-Восточному, 450г",851.59,450г,Lenta,ground_coffee,450.0,1892.4222222222222,,,,
496,"Кофе молотый LAVAZZA Crema e Gusto натуральный жареный, 250г",579.99,250г,Lenta,ground_coffee,250.0,2319.96,,,,
497,"Кофе молотый LAVAZZA Qualita Rossa натуральный, 250г",726.31,250г,Lenta,ground_coffee,250.0,2905.24,,,,
502,"Кофе молотый JARDIN Dessert, 250г",592.63,250г,Lenta,ground_coffee,250.0,2370.52,,,,
503,"Кофе молотый JARDIN Espresso di Milano, 250г",575.78,250г,Lenta,ground_coffee,250.0,2303.12,,,,
507,"Кофе молотый ЛЕНТА жареный, 500г",684.29,500г,Lenta,ground_coffee,500.0,1368.58,,,,
514,"Кофе молотый LAVAZZA Qualita ORO натуральный жареный, 250г",1102.1,250г,Lenta,ground_coffee,250.0,4408.4,,,,
523,"Кофе молотый ЖОКЕЙ Ирландские сливки, 150г",371.49,150г,Lenta,ground_coffee,150.0,2476.6,,,,
524,"Кофе молотый JARDIN Americano Crema жареный, 250г",575.78,250г,Lenta,ground_coffee,250.0,2303.12,,,,
525,"Кофе молотый ЖОКЕЙ Традиционный жареный, 250г",592.63,250г,Lenta,ground_coffee,250.0,2370.52,,,,
530,"Кофе молотый EGOISTE Espresso, 250г",1021.05,250г,Lenta,ground_coffee,250.0,4084.2000000000003,,,,
538,"Кофе молотый COFFESSO Crema Delicato жареный, 45г",422.1,45г,Lenta,ground_coffee,45.0,9380.0,,,,
541,"Кофе молотый MONARCH Original натуральный жареный, 230г",632.63,230г,Lenta,ground_coffee,230.0,2750.5652173913045,,,,
544,"Кофе молотый CARTE NOIRE натуральный жареный, 230г",726.99,230г,Lenta,ground_coffee,230.0,3160.8260869565215,,,,
546,"Кофе молотый MONARCH Original Классический натуральный жареный, 70г",210.52,70г,Lenta,ground_coffee,70.0,3007.4285714285716,,,,
548,"Кофе молотый ЛЕНТА Amaretto натуральный жареный, 150г",231.59,150г,Lenta,ground_coffee,150.0,1543.9333333333334,,,,
549,"Кофе молотый ЛЕНТА Irish cream натуральный жареный, 150г",231.59,150г,Lenta,ground_coffee,150.0,1543.9333333333334,,,,
559,"Кофе молотый 365 ДНЕЙ жареный, 250г",263.15,250г,Lenta,ground_coffee,250.0,1052.6,,,,
565,"Кофе молотый JARDIN Cafe Eclair жареный, 250г",496.49,250г,Lenta,ground_coffee,250.0,1985.96,,,,
575,"Кофе молотый ЛЕНТА натуральный жареный, 250г",421.05,250г,Lenta,ground_coffee,250.0,1684.2,,,,
583,"Кофе молотый EGOISTE Velvet, 200г",908.49,200г,Lenta,ground_coffee,200.0,4542.45,,,,
587,Кофе молотый ALTA ROMA Vero,713.69,250г,Lenta,ground_coffee,250.0,2854.76,,,,
590,"Кофе молотый JARDIN Bravo Brazilia жареный, 250г",1021.05,250г,Lenta,ground_coffee,250.0,4084.2000000000003,,,,
591,"Кофе молотый JARDIN Эфиопия Эйфория жаренный, 250г",1021.05,250г,Lenta,ground_coffee,250.0,4084.2000000000003,,,,
598,"Кофе молотый BUSHIDO Sensei, 227г",1021.05,227г,Lenta,ground_coffee,227.0,4498.0176211453745,,,,
600,"Кофе молотый BUSHIDO Red Katana, 227г",1021.05,227г,Lenta,ground_coffee,227.0,4498.0176211453745,,,,
610,"Кофе молотый BUSHIDO Specialty, 227г",1102.1,227г,Lenta,ground_coffee,227.0,4855.066079295153,,,,
621,"Кофе молотый BUSHIDO Black Katana, 227г",1021.05,227г,Lenta,ground_coffee,227.0,4498.0176211453745,,,,
630,"Кофе молотый ЛЕНТА натуральный жареный с ароматом лесного ореха, 150г",231.59,150г,Lenta,ground_coffee,150.0,1543.9333333333334,,,,
634,"Кофе молотый FRESCO Arabica Solo, 200г",503.19,200г,Lenta,ground_coffee,200.0,2515.9500000000003,,,,
635,"Кофе молотый CARTE NOIRE Crema delice натуральный жареный, 230г",982.99,230г,Lenta,ground_coffee,230.0,4273.869565217391,,,,
641,"Кофе молотый EGOISTE Grand Cru, 250г",1191.57,250г,Lenta,ground_coffee,250.0,4766.28,,,,
646,"Кофе молотый BONVIDA натуральный жареный средняя обжарка, 1кг",1999.99,1000г,Lenta,ground_coffee,1000.0,1999.99,,,,
653,"Кофе молотый ЖИВОЙ КОФЕ Арабика, 200г",454.73,200г,Lenta,ground_coffee,200.0,2273.65,,,,
655,"Кофе молотый CARTE NOIRE Intense Absolu натуральный жареный, 230г",982.99,230г,Lenta,ground_coffee,230.0,4273.869565217391,,,,
656,"Кофе молотый FRESCO Arabica Blend, 250г",575.79,250г,Lenta,ground_coffee,250.0,2303.16,,,,
657,"Кофе молотый для турки и чашки FRESCO Arabica Gusto, 250г",551.57,250г,Lenta,ground_coffee,250.0,2206.28,,,,
668,"Кофе молотый JARDIN Ориджинал оро жареный, 250г",818.94,250г,Lenta,ground_coffee,250.0,3275.76,,,,
687,"Кофе молотый PREMIUM CLUB Classic, 250г",631.57,250г,Lenta,ground_coffee,250.0,2526.28,,,,
688,"Кофе молотый PREMIUM CLUB Espresso, 250г",631.57,250г,Lenta,ground_coffee,250.0,2526.28,,,,
693,"Кофе молотый POETTI Daily Arabica для чашки, 250г",583.49,250г,Lenta,ground_coffee,250.0,2333.96,,,,
694,"Кофе молотый POETTI Daily Classic Crema, 250г",559.99,250г,Lenta,ground_coffee,250.0,2239.96,,,,
696,"Кофе молотый POETTI Daily Mokka, 250г",559.99,250г,Lenta,ground_coffee,250.0,2239.96,,,,
697,"Кофе молотый POETTI Leggenda Original натуральный жареный, 250г",762.1,250г,Lenta,ground_coffee,250.0,3048.4,,,,
698,"Кофе молотый POETTI Leggenda Ruby натуральный жареный, 250г",762.1,250г,Lenta,ground_coffee,250.0,3048.4,,,,
708,"Кофе молотый MACCOFFEE Pure Espresso Forte натуральный жареный, 250г",518.99,250г,Lenta,ground_coffee,250.0,2075.96,,,,
716,"Кофе молотый ЖОКЕЙ Классический жареный, 100г",226.31,100г,Lenta,ground_coffee,100.0,2263.1,,,,
717,"Кофе молотый ЖОКЕЙ По-восточному жареный, 100г",226.31,100г,Lenta,ground_coffee,100.0,2263.1,,,,
721,"Кофе молотый ROMEO ROSSI Crema натуральный жареный, 250г",681.05,250г,Lenta,ground_coffee,250.0,2724.2,,,,
722,"Кофе молотый ROMEO ROSSI Intenso натуральный жарнный, 250г",497.99,250г,Lenta,ground_coffee,250.0,1991.96,,,,
734,"Кофе молотый 365 ДНЕЙ жареный, 100г",105.26,100г,Lenta,ground_coffee,100.0,1052.6,,,,
740,"Кофе молотый EGOISTE Captain, 250г",1109.49,250г,Lenta,ground_coffee,250.0,4437.96,,,,
742,"Кофе молотый EGOISTE Voyage, 250г",1118.99,250г,Lenta,ground_coffee,250.0,4475.96,,,,
750,"Кофе молотый AMBASSADOR Adora натуральный жареный, темная обжарка, 95г",269.49,95г,Lenta,ground_coffee,95.0,2836.7368421052633,,,,
756,"Кофе молотый MONARCH Brazilian Selection натуральный жареный, 230г",476.49,230г,Lenta,ground_coffee,230.0,2071.695652173913,,,,
762,"Кофе молотый JULIUS MEINL Ароматный, 220г",993.68,220г,Lenta,ground_coffee,220.0,4516.727272727272,,,,
766,"Кофе молотый MARCO PANATTI Delicato, 250г",526.31,250г,Lenta,ground_coffee,250.0,2105.24,,,,
767,"Кофе молотый MARCO PANATTI Intenso, 250г",477.49,250г,Lenta,ground_coffee,250.0,1909.96,,,,
771,"Кофе молотый COFFESSO Crema, 250г",543.15,250г,Lenta,ground_coffee,250.0,2172.6,,,,
772,"Кофе молотый COFFESSO Mokka, 250г",498.99,250г,Lenta,ground_coffee,250.0,1995.96,,,,
773,"Кофе молотый COFFESSO Allure, 250г",594.49,250г,Lenta,ground_coffee,250.0,2377.96,,,,
776,"Кофе молотый POETTI Soul of Havana, 200г",629.47,200г,Lenta,ground_coffee,200.0,3147.3500000000004,,,,
777,"Кофе молотый POETTI Soul of Rome, 200г",438.49,200г,Lenta,ground_coffee,200.0,2192.45,,,,
778,"Кофе молотый POETTI Soul of Istanbu, 200г",563.15,200г,Lenta,ground_coffee,200.0,2815.75,,,,
780,"Кофе молотый COFFESSO Brazil Alto жареный, 50г",341.05,50г,Lenta,ground_coffee,50.0,6821.000000000001,,,,
788,"Кофе молотый COFFESSO жареный, 50г",284.2,50г,Lenta,ground_coffee,50.0,5684.0,,,,
789,"Кофе молотый JULIUS MEINL Prasident натуральный жареный, 220г",1021.05,220г,Lenta,ground_coffee,220.0,4641.136363636363,,,,
804,"Кофе молотый TIBIO Gold Мокка натуральный жареный, 250г",672.63,250г,Lenta,ground_coffee,250.0,2690.52,,,,
809,"Кофе молотый COFFEE TURCA Special Turkish, 250г",1143.15,250г,Lenta,ground_coffee,250.0,4572.6,,,,
816,"Кофе молотый SIBARISTICA Uganda, 6шт",406.31,60г,Lenta,ground_coffee,60.0,6771.833333333333,6.0,67.71833333333333,,
817,"Кофе молотый SIBARISTICA Ассорти, 6шт",406.31,60г,Lenta,ground_coffee,60.0,6771.833333333333,6.0,67.71833333333333,,
818,"Кофе молотый SIBARISTICA Yellow Submarine, 6шт",406.31,60г,Lenta,ground_coffee,60.0,6771.833333333333,6.0,67.71833333333333,,
840,"Кофе молотый MONARCH Origins Tropical Selection, 230г",939.99,230г,Lenta,ground_coffee,230.0,4086.913043478261,,,,
853,"Кофе молотый COFFESSO Jezva Red, 100г",244.2,100г,Lenta,ground_coffee,100.0,2441.9999999999995,,,,
862,"Кофе молотый TCHIBO Фэмили натуральный жареный, 500г",1279.99,500г,Lenta,ground_coffee,500.0,2559.98,,,,
869,"Кофе молотый ALTA ROMA Caffe Latte, 250г",503.19,250г,Lenta,ground_coffee,250.0,2012.7600000000002,,,,
872,"Кофе молотый ALTA ROMA Arabica Classico, 250г",729.49,250г,Lenta,ground_coffee,250.0,2917.96,,,,
876,"Кофе молотый TIBIO Фэмили натуральный жареный, 250г",713.69,250г,Lenta,ground_coffee,250.0,2854.76,,,,
877,"Кофе молотый TIBIO Голд Селекшн натуральный жареный, 250г",647.39,250г,Lenta,ground_coffee,250.0,2589.56,,,,
878,"Кофе молотый TIBIO Голд Мокка Итальяно натуральный жареный, 250г",647.39,250г,Lenta,ground_coffee,250.0,2589.56,,,,
880,"Кофе молотый VERLE Decaf Drip Box натуральный, 66г",715.78,66г,Lenta,ground_coffee,66.0,10845.151515151514,,,,
881,"Кофе молотый VERLE Colombia Drip Box натуральный, 66г",610.52,66г,Lenta,ground_coffee,66.0,9250.30303030303,,,,
883,"Кофе молотый COFFESSO Бленд арабики и робусты, для чашки и турки, 200г",422.19,200г,Lenta,ground_coffee,200.0,2110.95,,,,
884,"Кофе молотый COFFESSO Jezva Gold 100% Arabica, 100г",304.29,100г,Lenta,ground_coffee,100.0,3042.9000000000005,,,,
886,"Кофе молотый COFFESSO Jezva Gold 100% Arabica, 200г",567.39,200г,Lenta,ground_coffee,200.0,2836.95,,,,
887,Кофе COFFESSO MASSIMO молотый м/у,729.49,250г,Lenta,ground_coffee,250.0,2917.96,,,,
891,Кофе COFFESSO VELUTTO молотый м/у,891.59,250г,Lenta,ground_coffee,250.0,3566.36,,,,
1186,"Соус PAN-ASIAN Рыбный, 250мл",210.52,250мл,Lenta,fish_sauce,,,,,250.0,842.08
1353,"Багет ЛЕНТА FRESH Французский, 300г",57.89,300г,Lenta,bread,300.0,192.96666666666667,,,,
1359,"Хлеб ЛЕНТА FRESH Балтийский с сыром, 400г",85.49,400г,Lenta,bread,400.0,213.725,,,,
1360,"Хлеб ЛЕНТА FRESH Балтийский, 400г",57.89,400г,Lenta,bread,400.0,144.725,,,,
1361,"Багет ЛЕНТА FRESH Парижский классический, 300г",90.59,300г,Lenta,bread,300.0,301.96666666666664,,,,
1369,"Хлеб ЛЕНТА FRESH Дарницкий, 300г",27.36,300г,Lenta,bread,300.0,91.2,,,,
1370,"Хлеб заварной ЛЕНТА FRESH Бородинский, 400г",93.49,400г,Lenta,bread,400.0,233.725,,,,
1374,"Хлеб ЛЕНТА FRESH Сицилийский с итальянскими травами, 300г",84.2,300г,Lenta,bread,300.0,280.6666666666667,,,,
1380,"Хлеб пшеничный ЛЕНТА FRESH на опаре, 300г",32.49,300г,Lenta,bread,300.0,108.30000000000001,,,,
1381,"Багет ЛЕНТА FRESH Французский, мини, 100г",13.49,1*100г,Lenta,bread,100.0,134.9,,,,
1382,"Хлеб ЛЕНТА FRESH Кукурузный особый, 350г",102.99,350г,Lenta,bread,350.0,294.2571428571428,,,,
1384,"Багет ЛЕНТА FRESH Традиционный, 230г",69.49,230г,Lenta,bread,230.0,302.13043478260863,,,,
1385,"Хлеб зерновой ЛЕНТА FRESH Идеальная фигура, 360г",109.99,360г,Lenta,bread,360.0,305.52777777777777,,,,
1401,"Хлеб зерновой бездрожжевой ЛЕНТА FRESH, 400г",136.84,400г,Lenta,bread,400.0,342.1,,,,
1402,"Хлеб бездрожжевой ЛЕНТА FRESH, 400г",85.49,400г,Lenta,bread,400.0,213.725,,,,
1403,"Багет пшеничный ЛЕНТА FRESH Деревенский, на закваске, 300г",85.49,300г,Lenta,bread,300.0,284.96666666666664,,,,
1404,"Багет ржано-пшеничный ЛЕНТА FRESH Деревенский, на закваске, весовой",82.95,,Lenta,bread,1000.0,82.95,,,,
1405,"Хлеб ЛЕНТА FRESH Купеческий, на закваске, весовой",154.0,,Lenta,bread,1000.0,154.0,,,,
1413,"Багет ЛЕНТА FRESH с начинкой пицца, 140г",64.49,140г,Lenta,bread,140.0,460.6428571428571,,,,
1417,"Хлеб ЛЕНТА FRESH Чиабатта на закваске, 250г",55.78,250г,Lenta,bread,250.0,223.12,,,,
1418,"Хлеб ржаной ЛЕНТА FRESH Чиабатта на закваске, 250г",58.99,250г,Lenta,bread,250.0,235.96,,,,
1421,"Хлеб пшенично-ржаной бездрожжевой ЛЕНТА FRESH, 300г",78.94,300г,Lenta,bread,300.0,263.1333333333333,,,,
1427,"Хлеб ЛЕНТА FRESH Польза Чиа на закваске, 300г",70.49,300г,Lenta,bread,300.0,234.96666666666667,,,,
1428,"Хлеб ЛЕНТА FRESH Энергия полбы, на закваске, 300г",70.49,300г,Lenta,bread,300.0,234.96666666666667,,,,
1429,"Хлеб ЛЕНТА FRESH Многозерновой, 400г",85.49,400г,Lenta,bread,400.0,213.725,,,,
1435,"Батон ЛЕНТА FRESH Городской на опаре, 300г",42.99,300г,Lenta,bread,300.0,143.3,,,,
1437,"Хлеб ЛЕНТА FRESH Деревенский на закваске, 400г",53.49,400г,Lenta,bread,400.0,133.72500000000002,,,,
1438,"Хлеб ЛЕНТА FRESH Славянский на закваске, 500г",64.49,500г,Lenta,bread,500.0,128.98,,,,
1439,"Батон ЛЕНТА FRESH Гусарский на закваске, весовой",121.19,,Lenta,bread,1000.0,121.19,,,,
1440,"Хлеб ЛЕНТА FRESH Рижский на закваске, 500г",94.73,500г,Lenta,bread,500.0,189.46,,,,
1441,"Хлеб пшеничный формовой ЛЕНТА FRESH 1-й сорт, на закваске, 450г",53.49,450г,Lenta,bread,450.0,118.86666666666667,,,,
1442,"Хлеб ЛЕНТА FRESH с отрубями на закваске, 300г",42.19,300г,Lenta,bread,300.0,140.63333333333333,,,,
1443,"Хлеб ЛЕНТА FRESH Солнышко на закваске, 500г",68.42,500г,Lenta,bread,500.0,136.84,,,,
1444,"Хлеб ЛЕНТА FRESH Домашний с кунжутом на закваске, 250г",32.49,250г,Lenta,bread,250.0,129.96,,,,
1445,"Хлеб ЛЕНТА FRESH Семизерновой ароматный на закваске, 400г",95.99,400г,Lenta,bread,400.0,239.975,,,,
1447,"Хлеб ЛЕНТА FRESH Мариинский на закваске, 300г",58.99,300г,Lenta,bread,300.0,196.63333333333333,,,,
1450,"Хлеб ЛЕНТА FRESH Питательный Киноа на закваске, 250г",80.99,250г,Lenta,bread,250.0,323.96,,,,
1457,"Багет ржаной, 200г",42.99,200г,Lenta,bread,200.0,214.95,,,,
1459,"Багет Лента Парижский, 170г",26.99,170г,Lenta,bread,170.0,158.76470588235293,,,,
1460,"Багет Прованс, 200г",74.99,200г,Lenta,bread,200.0,374.94999999999993,,,,
1461,"Багет с ветчиной и сыром, 250г",85.49,250г,Lenta,bread,250.0,341.96,,,,
1481,"Багет с луком, 190г",84.2,190г,Lenta,bread,190.0,443.15789473684214,,,,
1484,Хлеб Нордик с орехами и сухофруктами на закваске (СП) ЛЕНТА FRESH,105.29,170г,Lenta,bread,170.0,619.3529411764706,,,,
3456,"Крупа гречневая АЛТАЙСКАЯ СКАЗКА быстроразваривающаяся Экстра, ядрица, 800г",150.59,800г,Lenta,buckwheat,800.0,188.2375,,,,
4989,"Продукт белковый РОССОЯ Тофу натуральный, 120г",89.49,120г,Lenta,tofu,120.0,745.7499999999999,,,,
4991,"Продукт соевый REGALIO VEGAN Тофу Классический, 200г",126.39,200г,Lenta,tofu,200.0,631.95,,,,
4993,"Тофу VEG`S Оригинальный, 250г",141.99,250г,Lenta,tofu,250.0,567.96,,,,
4994,"Тофу ЛЕНТА LIFE, 120г",94.79,120г,Lenta,tofu,120.0,789.9166666666667,,,,
5376,"Рис круглозерный МИСТРАЛЬ Кубань 1-й сорт, 900г",178.49,900г,Lenta,rice,900.0,198.32222222222222,,,,
5409,"Филе куриное ПЕТЕЛИНКА, 550г",304.49,550г,Lenta,chicken_fillet,550.0,553.6181818181818,,,,
5644,"Яйцо куриное СМЕТАНИНО От молодой курицы С2, 10шт",142.19,10шт,Lenta,egg,,,10.0,14.219,,
5656,"Рис НАЦИОНАЛЬ Краснодарский 1-й сорт, 900г",151.49,900г,Lenta,rice,900.0,168.32222222222222,,,,
5657,"Крупа гречневая НАЦИОНАЛЬ ядрица, быстроразваривающаяся 1-й сорт, 900г",126.39,900г,Lenta,buckwheat,900.0,140.43333333333334,,,,
5659,"Крупа гречневая PROSTO высший сорт, в пакетиках, 8х62,5г",100.99,500г,Lenta,buckwheat,500.0,201.98,,,,
5660,"Рис PROSTO Золотистый 1-й сорт, в пакетиках, 8х62,5г",159.99,500г,Lenta,rice,500.0,319.98,,,,
5662,"Крупа гречневая МИСТРАЛЬ ядрица высший сорт, 900г",146.99,900г,Lenta,buckwheat,900.0,163.32222222222222,,,,
5663,"Рис НАЦИОНАЛЬ Золотистый 1-й сорт, 1,5кг",347.36,"1,5кг",Lenta,rice,1500.0,231.57333333333335,,,,
5664,"Рис НАЦИОНАЛЬ Краснодарский 1-й сорт, 1,5кг",241.49,"1,5кг",Lenta,rice,1500.0,160.99333333333334,,,,
5665,"Рис НАЦИОНАЛЬ Отборный 1-й сорт, 1,5кг",424.49,"1,5кг",Lenta,rice,1500.0,282.99333333333334,,,,
5667,"Рис пропаренный АГРО-АЛЬЯНС Gold, 900г",159.49,900г,Lenta,rice,900.0,177.21111111111114,,,,
5668,"Рис кубанский АГРО-АЛЬЯНС Экстра Элитный, 1-й сорт, 900г",147.39,900г,Lenta,rice,900.0,163.76666666666665,,,,
5669,"Крупа гречневая АГРО-АЛЬЯНС Экстра Элитная высший сорт, 900г",125.99,900г,Lenta,buckwheat,900.0,139.98888888888888,,,,
5671,"Рис длиннозерный МИСТРАЛЬ Басмати, 500г",265.49,500г,Lenta,rice,500.0,530.98,,,,
5672,"Рис длиннозерный МИСТРАЛЬ Жасмин, 500г",184.2,500г,Lenta,rice,500.0,368.4,,,,
5674,"Рис длиннозерный ЛЕНТА 1-й сорт, 900г",136.89,900г,Lenta,rice,900.0,152.1,,,,
5676,"Рис АГРО-АЛЬЯНС Супер Басмати, Экстра, 500г",223.49,500г,Lenta,rice,500.0,446.98,,,,
5677,"Рис бурый АГРО-АЛЬЯНС Экстра Slim&Fit, нешлифованный, 1-й сорт, 800г",142.1,800г,Lenta,rice,800.0,177.625,,,,
5678,"Рис для японской кухни АГРО-АЛЬЯНС Экстра Sushi шлифованный, 1-й сорт, 500г",117.49,500г,Lenta,rice,500.0,234.98,,,,
5680,"Крупа гречневая ПАССИМ Алтайская, высший сорт, 800г",99.99,800г,Lenta,buckwheat,800.0,124.98749999999998,,,,
5682,"Крупа гречневая УВЕЛКА Экстра, 800г",170.49,800г,Lenta,buckwheat,800.0,213.1125,,,,
5684,"Рис круглозерный УВЕЛКА шлифованный, 800г",140.99,800г,Lenta,rice,800.0,176.2375,,,,
5686,"Рис НАЦИОНАЛЬ Басмати шлифованный 1-й сорт, 500г",205.29,500г,Lenta,rice,500.0,410.58,,,,
5688,"Крупа гречневая ЛЕНТА 1-й сорт, в пакетиках, 5х100г",63.19,500г,Lenta,buckwheat,500.0,126.38,,,,
5689,"Рис длиннозерный ЛЕНТА пропаренный 1-й сорт, в пакетиках, 5х100г",114.79,500г,Lenta,rice,500.0,229.58,,,,
5691,"Рис длиннозерный ЛЕНТА Жасмин 1-й сорт, 1500г",284.29,1500г,Lenta,rice,1500.0,189.52666666666667,,,,
5692,"Рис круглозерный ЛЕНТА высший сорт, в пакетиках, 5х100г",106.49,500г,Lenta,rice,500.0,212.98,,,,
5699,"Крупа гречневая MAKFA ядрица быстроразваривающаяся, высший сорт, 800г",126.31,800г,Lenta,buckwheat,800.0,157.88750000000002,,,,
5701,"Рис длиннозерный MAKFA шлифованный 1-й сорт, 800г",162.49,800г,Lenta,rice,800.0,203.1125,,,,
5703,"Рис для плова НАЦИОНАЛЬ 1-й сорт, 900г",146.99,900г,Lenta,rice,900.0,163.32222222222222,,,,
5705,"Рис НАЦИОНАЛЬ Адриатика 1-й сорт, 900г",170.49,900г,Lenta,rice,900.0,189.43333333333334,,,,
5706,"Рис НАЦИОНАЛЬ Азиатский 1-й сорт, 900г",242.1,900г,Lenta,rice,900.0,269.0,,,,
5708,"Рис НАЦИОНАЛЬ Гигант 1-й сорт, 800г",209.99,800г,Lenta,rice,800.0,262.4875,,,,
5710,"Крупа гречневая MAKFA Экстра в пакетиках, 6х66г",89.47,400г,Lenta,buckwheat,396.0,225.93434343434342,,,,
5713,"Рис для плова АГРО-АЛЬЯНС Экстра, 900г",163.15,900г,Lenta,rice,900.0,181.2777777777778,,,,
5717,"Крупа гречневая УВЕЛКА ядрица в пакетиках Экстра, 5х80г",110.52,400г,Lenta,buckwheat,400.0,276.3,,,,
5718,"Рис круглозерный УВЕЛКА в пакетиках, 5х80г",111.49,400г,Lenta,rice,400.0,278.725,,,,
5723,"Рис длиннозерный УВЕЛКА шлифованный в пакетиках, 5х80г",116.99,400г,Lenta,rice,400.0,292.47499999999997,,,,
5724,"Рис длиннозерный УВЕЛКА пропаренный в пакетиках, 5х80г",120.99,400г,Lenta,rice,400.0,302.47499999999997,,,,
5725,"Крупа гречневая ПАССИМ Алтайская, высший сорт, 4х125г",89.47,500г,Lenta,buckwheat,500.0,178.94,,,,
5726,"Рис длиннозерный ПАССИМ Азиатский, в пакетиках, 4х125г",157.89,500г,Lenta,rice,500.0,315.78,,,,
5727,"Рис круглозерный ПАССИМ Дальневосточный высший сорт, в пакетиках, 4х125г",115.49,500г,Lenta,rice,500.0,230.98,,,,
5730,"Крупа гречневая МИСТРАЛЬ ядрица высший сорт, 2000г",330.99,2000г,Lenta,buckwheat,2000.0,165.495,,,,
5742,"Рис круглозерный MAKFA шлифованный, 800г",160.99,800г,Lenta,rice,800.0,201.2375,,,,
5743,"Рис длиннозерный MAKFA пропаренный, 800г",159.49,800г,Lenta,rice,800.0,199.3625,,,,
5745,"Рис кубанский АГРО-АЛЬЯНС Экстра Кулон 1-й сорт, 900г",152.63,900г,Lenta,rice,900.0,169.58888888888887,,,,
5747,"Рис круглозерный ПАССИМ Дальневосточный высший сорт, 800г",179.99,800г,Lenta,rice,800.0,224.9875,,,,
5751,"Рис круглозерный ЛЕНТА 1-й сорт, 1500г",210.59,1500г,Lenta,rice,1500.0,140.39333333333335,,,,
5758,"Рис НАЦИОНАЛЬ Бальдо, 800г",146.99,800г,Lenta,rice,800.0,183.7375,,,,
5759,"Рис для гарнира PROSTO в пакетиках, 8х62,5г",130.49,500г,Lenta,rice,500.0,260.98,,,,
5760,"Крупа гречневая МИСТРАЛЬ ядрица высший сорт, в пакетиках, 5х80г",123.49,400г,Lenta,buckwheat,400.0,308.72499999999997,,,,
5761,"Рис круглозерный MAKFA шлифованный, в пакетиках, 400г",105.29,400г,Lenta,rice,400.0,263.225,,,,
5762,"Рис круглозерный МИСТРАЛЬ Кубань 1-й сорт, в пакетиках, 5х80г",117.49,400г,Lenta,rice,400.0,293.725,,,,
5763,"Рис бурый УВЕЛКА в пакетиках, 5х80г",136.89,400г,Lenta,rice,400.0,342.22499999999997,,,,
5765,"Рис длиннозерный PROSTO Жасмин, в пакетиках, 8х62,5г",163.15,500г,Lenta,rice,500.0,326.3,,,,
5767,"Рис АГРО-АЛЬЯНС Экстра Gold пропаренный в пакетиках, 5х80г",124.49,400г,Lenta,rice,400.0,311.22499999999997,,,,
5768,"Крупа гречневая АГРО-АЛЬЯНС Экстра Элитная в пакетиках, 5х80г",106.49,400г,Lenta,buckwheat,400.0,266.22499999999997,,,,
5773,"Крупа гречневая ТЕПЛЫЕ ТРАДИЦИИ ядрица 1-й сорт, 900г",89.15,900г,Lenta,buckwheat,900.0,99.05555555555556,,,,
5774,"Рис НАЦИОНАЛЬ Лазер, 800г",139.99,800г,Lenta,rice,800.0,174.9875,,,,
5777,"Рис АГРО-АЛЬЯНС Красный рубин, в пакетиках, 5х80г",221.05,400г,Lenta,rice,400.0,552.625,,,,
5782,"Рис МИСТРАЛЬ Жасмин, в пакетиках, 5х80г",178.94,400г,Lenta,rice,400.0,447.34999999999997,,,,
5786,"Рис НАЦИОНАЛЬ Premium Интеграле, 500г",136.89,500г,Lenta,rice,500.0,273.78,,,,
5791,"Рис для плова МИСТРАЛЬ, 900г",189.47,900г,Lenta,rice,900.0,210.5222222222222,,,,
5792,"Крупа гречневая ЛЕНТА быстроразваривающаяся, 1,5кг",136.89,1500г,Lenta,buckwheat,1500.0,91.25999999999999,,,,
5795,"Рис длиннозерный УВЕЛКА пропаренный, 800г",127.49,800г,Lenta,rice,800.0,159.36249999999998,,,,
5796,"Рис для традиционного плова МИСТРАЛЬ, 2кг",621.09,2кг,Lenta,rice,2000.0,310.545,,,,
5803,"Рис УВЕЛКА Жасмин, 500г",170.49,500г,Lenta,rice,500.0,340.98,,,,
5804,"Рис длиннозерный УВЕЛКА классический, 800г",189.49,800г,Lenta,rice,800.0,236.8625,,,,
5805,"Рис SHANTI Басмати, 2кг",652.69,2000г,Lenta,rice,2000.0,326.345,,,,
5813,"Рис MAKFA Басмати, шлифованный, в пакетиках, 6х66,6г",159.49,400г,Lenta,rice,399.59999999999997,399.1241241241242,,,,
5819,"Рис длиннозерный ЛЕНТА Жасмин, 5х80г",136.84,400г,Lenta,rice,400.0,342.1,,,,
5821,"Крупа гречневая ЛЕНТА в пакетиках, 5х80г",73.69,400г,Lenta,buckwheat,400.0,184.225,,,,
5824,"Рис ЛЕНТА пропаренный, в пакетиках, 5х80г",105.29,400г,Lenta,rice,400.0,263.225,,,,
5826,"Рис круглозерный ЛЕНТА в пакетиках, 5х80г",84.29,400г,Lenta,rice,400.0,210.72500000000002,,,,
5827,"Крупа гречневая 365 ДНЕЙ 1-й сорт, 1кг",59.99,1000г,Lenta,buckwheat,1000.0,59.99,,,,
5828,"Рис для плова ВЫБОР СЕМЬИ, 700г",94.79,700г,Lenta,rice,700.0,135.41428571428574,,,,
5829,"Рис длиннозерный ВЫБОР СЕМЬИ 3-й сорт, 2кг",273.69,2000г,Lenta,rice,2000.0,136.845,,,,
5830,"Рис круглозерный ВЫБОР СЕМЬИ, 2кг",276.49,2000г,Lenta,rice,2000.0,138.245,,,,
5835,"Крупа гречневая ВЫБОР СЕМЬИ 1-й сорт, 1кг",69.49,1000г,Lenta,buckwheat,1000.0,69.49,,,,
5839,"Рис бурый ЛЕНТА LIFE, 800г",106.49,800г,Lenta,rice,800.0,133.11249999999998,,,,
5840,"Рис круглозерный ЛЕНТА 1-й сорт, 1кг",132.99,1000г,Lenta,rice,1000.0,132.99,,,,
5841,"Крупа гречневая ЛЕНТА, 1кг",84.29,1000г,Lenta,buckwheat,1000.0,84.29,,,,
5842,"Рис для плова ЛЕНТА, 2кг",276.49,2000г,Lenta,rice,2000.0,138.245,,,,
5843,"Рис ЛЕНТА Басмати, 1кг",273.68,1000г,Lenta,rice,1000.0,273.68,,,,
5844,"Рис среднезерный НАЦИОНАЛЬ Пилаф, шлифованный, 800г",185.99,800г,Lenta,rice,800.0,232.4875,,,,
5847,"Крупа гречневая ВЫБОР СЕМЬИ 1-й сорт, 2кг",189.49,2000г,Lenta,buckwheat,2000.0,94.745,,,,
5848,"Рис длиннозерный 365 ДНЕЙ 3-й сорт, 1кг",123.49,1000г,Lenta,rice,1000.0,123.49,,,,
5849,"Рис длиннозерный пропаренный SHANTI Басмати, шлифованный 1-й сорт, 5кг",1713.99,5000г,Lenta,rice,5000.0,342.798,,,,
5850,"Рис длиннозерный ЛЕНТА, 1кг",148.99,1000г,Lenta,rice,1000.0,148.99,,,,
5851,"Рис ЛЕНТА пропаренный 1-й сорт, 1кг",138.49,1000г,Lenta,rice,1000.0,138.49,,,,
5855,"Рис АГРО-АЛЬЯНС Супер Басмати, Экстра, в пакетиках, 5х80г",168.49,400г,Lenta,rice,400.0,421.225,,,,
5856,"Рис круглозерный 365 ДНЕЙ, 1кг",95.99,1000г,Lenta,rice,1000.0,95.99,,,,
5859,"Гречка PROSTO для гарнира, в пакетиках, 8х62,5г",115.79,500г,Lenta,buckwheat,500.0,231.58,,,,
5863,"Рис длиннозерный PROSTO Здоровье, нешлифованный очищенный 1-й сорт, в пакетиках, 8х62,5г",157.89,500г,Lenta,rice,500.0,315.78,,,,
5864,"Рис для ризотто MARCO PANATTI, 500г",136.84,500г,Lenta,rice,500.0,273.68,,,,
5866,"Рис для японской кухни PAN-ASIAN Для суши, 500г",119.49,500г,Lenta,rice,500.0,238.98,,,,
5868,"Рис круглозерный ВЫБОР СЕМЬИ в пакетиках, 5х80г",73.68,400г,Lenta,rice,400.0,184.20000000000002,,,,
5889,"Апельсины, весовые",78.95,,Lenta,orange,1000.0,78.95,,,,
5890,"Бананы, весовые",214.73,,Lenta,banana,1000.0,214.73,,,,
5895,"Апельсины для сока, фасованные, весовые",322.13,,Lenta,orange,1000.0,322.13,,,,
5905,"Апельсины красные, с красной мякотью, весовые",147.4,,Lenta,orange,1000.0,147.4,,,,
5911,"Апельсины отборные Навел, фасованные, весовые",560.1,,Lenta,orange,1000.0,560.1,,,,
5915,"Апельсины с красной мякотью, весовые",131.6,,Lenta,orange,1000.0,131.6,,,,
5936,"Апельсины отборные Навел, весовые",147.41,,Lenta,orange,1000.0,147.41,,,,
5942,"Бананы, фасованные, весовые",235.79,,Lenta,banana,1000.0,235.79,,,,
5948,"Манго желтое спелое, весовое",550.04,,Lenta,mango,1000.0,550.04,,,,
6128,"Чай черный AHMAD TEA English №1 с бергамотом, 100пак",584.2,100пак,Lenta,black_tea,,,100.0,5.8420000000000005,,
6129,"Чай черный ПРИНЦЕССА КАНДИ Цейлонский листовой, 200г",253.68,200г,Lenta,black_tea,200.0,1268.3999999999999,,,,
6130,"Чай черный AHMAD TEA English Breakfast, 100пак",648.49,100пак,Lenta,black_tea,,,100.0,6.4849,,
6131,"Чай черный ПРИНЦЕССА НУРИ Солнце Цейлона листовой, 250г",375.49,250г,Lenta,black_tea,250.0,1501.96,,,,
6132,"Чай черный ПРИНЦЕССА НУРИ Высокогорный байховый листовой, 100пак",341.05,100пак,Lenta,black_tea,,,100.0,3.4105000000000003,,
6133,"Чай черный ПРИНЦЕССА НУРИ Высокогорный байховый, 100пак",223.19,100пак,Lenta,black_tea,,,100.0,2.2319,,
6135,"Чай черный ПРИНЦЕССА НУРИ Отборный, 100пак",341.05,100пак,Lenta,black_tea,,,100.0,3.4105000000000003,,
6136,"Чай черный AHMAD TEA Tea Earl Grey с бергамотом байховый, 100пак",648.49,100пак,Lenta,black_tea,,,100.0,6.4849,,
6137,"Чай зеленый GREENFIELD Flying Dragon, 25пак",142.49,25пак,Lenta,green_tea,,,25.0,5.6996,,
6138,"Чай зеленый GREENFIELD Jasmine Dream, 25пак",142.49,25пак,Lenta,green_tea,,,25.0,5.6996,,
6139,"Чай черный GREENFIELD Golden Ceylon, 25пак",142.49,25пак,Lenta,black_tea,,,25.0,5.6996,,
6140,"Чай черный 365 ДНЕЙ, 100пак",89.49,100пак,Lenta,black_tea,,,100.0,0.8948999999999999,,
6141,"Чай черный GREENFIELD Golden Ceylon листовой, 100г",199.49,100г,Lenta,black_tea,100.0,1994.9,,,,
6142,"Чай зеленый GREENFIELD Jasmine Dream листовой, 100г",241.09,100г,Lenta,green_tea,100.0,2410.8999999999996,,,,
6143,"Чай черный GREENFIELD Earl Grey Fantasy с ароматом бергамота листовой, 100г",188.99,100г,Lenta,black_tea,100.0,1889.9,,,,
6144,"Чай черный GREENFIELD Earl Grey Fantasy с ароматом бергамота, 25пак",142.49,25пак,Lenta,black_tea,,,25.0,5.6996,,
6146,"Чай черный GREENFIELD Christmas Mystery, 25пак",142.49,25пак,Lenta,black_tea,,,25.0,5.6996,,
6147,"Чай зеленый GREENFIELD Green Melissa, 25пак",142.49,25пак,Lenta,green_tea,,,25.0,5.6996,,
6148,"Чай черный AHMAD TEA English Breakfast, 25пак",187.36,25пак,Lenta,black_tea,,,25.0,7.494400000000001,,
6149,"Чай черный AHMAD TEA Tea Earl Grey с ароматом бергамота байховый, 25пак",187.36,25пак,Lenta,black_tea,,,25.0,7.494400000000001,,
6150,"Чай черный DILMAH Цейлонский листовой, 100г",170.49,100г,Lenta,black_tea,100.0,1704.9,,,,
6151,"Чай черный DILMAH Цейлонский листовой, 250г",382.49,250г,Lenta,black_tea,250.0,1529.96,,,,
6152,"Чай черный DILMAH Цейлонский, 100пак",473.68,100пак,Lenta,black_tea,,,100.0,4.7368,,
6153,"Чай черный МАЙСКИЙ Отборный Цейлонский байховый листовой, 100пак",339.99,100пак,Lenta,black_tea,,,100.0,3.3999,,
6154,"Чай черный МАЙСКИЙ Корона Российской Империи Цейлонский байховый листовой, 200г",373.68,200г,Lenta,black_tea,200.0,1868.4,,,,
6156,"Чай черный AKBAR Красно-белая серия Ceylon байховый, 25пак",73.68,25пак,Lenta,black_tea,,,25.0,2.9472000000000005,,
6157,"Чай черный AKBAR Gold байховый, 25пак",145.26,25пак,Lenta,black_tea,,,25.0,5.8104,,
6158,"Чай черный МАЙСКИЙ Корона Российской Империи Цейлонский байховый листовой, 100пак",339.99,100пак,Lenta,black_tea,,,100.0,3.3999,,
6159,"Чай черный МАЙСКИЙ Корона Российской Империи Цейлонский байховый листовой, 25пак",85.89,25пак,Lenta,black_tea,,,25.0,3.4356,,
6160,"Чай черный МАЙСКИЙ Корона Российской Империи Цейлонский байховый листовой, 100г",168.49,100г,Lenta,black_tea,100.0,1684.9,,,,
6161,"Чай черный МАЙСКИЙ Отборный байховый, 25пак",86.99,25пак,Lenta,black_tea,,,25.0,3.4795999999999996,,
6162,"Чай черный ЛИСМА Крепкий, 25х2г",72.39,25пак,Lenta,black_tea,50.0,1447.8,25.0,2.8956,,
6163,"Чай черный DILMAH Цейлонский, 25пак",168.49,25пак,Lenta,black_tea,,,25.0,6.7396,,
6164,"Чай черный ЗОЛОТАЯ ЧАША Лимон байховый, 20пак",70.52,20пак,Lenta,black_tea,,,20.0,3.526,,
6165,"Чай черный ЛИСМА Крепкий Индийский байховый, 100пак",199.99,100пак,Lenta,black_tea,,,100.0,1.9999,,
6166,"Чай черный GREENFIELD Spring Melody, 25пак",142.49,25пак,Lenta,black_tea,,,25.0,5.6996,,
6168,"Чай черный 365 ДНЕЙ байховый, 20пак",21.05,20пак,Lenta,black_tea,,,20.0,1.0525,,
6169,"Чай черный TESS Pleasure с добавками листовой, 100г",202.19,100г,Lenta,black_tea,100.0,2021.9,,,,
6170,"Чай зеленый TESS Lime с цедрой цитрусовых и ароматом лайма листовой, 100г",202.19,100г,Lenta,green_tea,100.0,2021.9,,,,
6171,"Чай зеленый ПРИНЦЕССА ЯВА Жасмин листовой, 100г",154.79,100г,Lenta,green_tea,100.0,1547.8999999999999,,,,
6172,"Чай черный TESS Sunrise листовой, 100г",202.19,100г,Lenta,black_tea,100.0,2021.9,,,,
6173,"Чай черный МАЙСКИЙ Лесные Ягоды байховый, 25х1,5г",90.59,25пак,Lenta,black_tea,37.5,2415.733333333333,25.0,3.6236,,
6174,"Чай черный ЛЕНТА цейлонский, 25пак",94.79,25пак,Lenta,black_tea,,,25.0,3.7916000000000003,,
6175,"Чай черный ЛЕНТА Earl Grеy с ароматом бергамота байховый, 25пак",94.79,25пак,Lenta,black_tea,,,25.0,3.7916000000000003,,
6177,"Чай зеленый ЛЕНТА с мятой, мелиссой, 25пак",94.79,25пак,Lenta,green_tea,,,25.0,3.7916000000000003,,
6178,"Чай черный ПРИНЦЕССА НУРИ Высокогорный байховый, 25пак",96.89,25пак,Lenta,black_tea,,,25.0,3.8756,,
6179,"Чай черный GREENFIELD Golden Ceylon Цейлонский, 100пак",481.57,100пак,Lenta,black_tea,,,100.0,4.8157,,
6180,"Чай черный GREENFIELD Earl Grey Fantasy с ароматом бергамота, 100пак",480.49,100пак,Lenta,black_tea,,,100.0,4.8049,,
6181,"Чай черный TESS Kenya, 25пак",142.19,25пак,Lenta,black_tea,,,25.0,5.6876,,
6182,"Чай черный ЗОЛОТАЯ ЧАША Лесная ягода байховый, 20пак",62.99,20пак,Lenta,black_tea,,,20.0,3.1495,,
6183,"Чай черный ПРИНЦЕССА НУРИ Цейлонский Пекое крупнолистовой, 100г",226.39,100г,Lenta,black_tea,100.0,2263.9,,,,
6184,"Чай черный GREENFIELD Индийский Barberry Garden, 25пак",142.49,25пак,Lenta,black_tea,,,25.0,5.6996,,
6185,"Чай зеленый NEWBY Green Sencha байховый, 25пак",1069.47,25пак,Lenta,green_tea,,,25.0,42.778800000000004,,
6186,"Чай черный NEWBY English Breakfast байховый, 25пак",838.49,25пак,Lenta,black_tea,,,25.0,33.5396,,
6187,"Чай черный NEWBY Assam байховый, листовой, 100г",975.99,100г,Lenta,black_tea,100.0,9759.9,,,,
6188,"Чай черный ЛЕНТА цейлонский, 100пак",263.15,100пак,Lenta,black_tea,,,100.0,2.6315,,
6189,"Чай черный GREENFIELD Barberry Garden листовой, 100г",188.99,100г,Lenta,black_tea,100.0,1889.9,,,,
6190,"Чай черный GREENFIELD Kenyan Sunrise, 100пак",480.49,100пак,Lenta,black_tea,,,100.0,4.8049,,
6191,"Чай черный GREENFIELD Golden Ceylon листовой, 200г",446.31,200г,Lenta,black_tea,200.0,2231.5499999999997,,,,
6192,"Чай черный GREENFIELD Earl Grey Fantasy с ароматом бергамота листовой, 200г",446.31,200г,Lenta,black_tea,200.0,2231.5499999999997,,,,
6194,"Чай черный HYLEYS Английский Аристократический байховый листовой, 250г",396.49,250г,Lenta,black_tea,250.0,1585.96,,,,
6195,"Чай черный HYLEYS Английский Аристократический байховый листовой, 500г",740.24,500г,Lenta,black_tea,500.0,1480.48,,,,
6196,"Чай черный TESS Forest Dream, 20пир",136.49,20пир,Lenta,black_tea,,,20.0,6.8245000000000005,,
6197,"Чай зеленый GREENFIELD Green Melissa, 100пак",466.99,100пак,Lenta,green_tea,,,100.0,4.6699,,
6199,"Чай зеленый TESS Pina Coladа, 20пир",138.99,20пир,Lenta,green_tea,,,20.0,6.9495000000000005,,
6200,"Чай черный HYLEYS Английский фаворит Индийский, листовой, 200г",409.47,200г,Lenta,black_tea,200.0,2047.3500000000001,,,,
6201,"Чай зеленый GREENFIELD Milky Oolong Китайский с ароматом молока, 20пир",219.99,20пир,Lenta,green_tea,,,20.0,10.999500000000001,,
6202,"Чай черный AHMAD TEA Цейлонский, 100пак",584.2,100пак,Lenta,black_tea,,,100.0,5.8420000000000005,,
6203,"Чай зеленый TESS Lime с цедрой цитрусовых и ароматом лайма, 100пак",446.31,100пак,Lenta,green_tea,,,100.0,4.4631,,
6204,"Чай черный TESS Pleasure с добавками, 100пак",446.31,100пак,Lenta,black_tea,,,100.0,4.4631,,
6205,"Чай черный GREENFIELD Magic Yunnan, 100пак",466.99,100пак,Lenta,black_tea,,,100.0,4.6699,,
6206,"Чай зеленый TESS Flirt с кусочками персика и клубники, 25пак",145.26,25пак,Lenta,green_tea,,,25.0,5.8104,,
6207,"Чай черный BASILUR Восточная коллекция Masala Chai Цейлонский байховый листовой, 100г",421.05,100г,Lenta,black_tea,100.0,4210.5,,,,
6209,"Чай черный GREENFIELD Kenyan Sunrise, 25пак",142.49,25пак,Lenta,black_tea,,,25.0,5.6996,,
6210,"Чай черный AHMAD TEA Цейлонский Оранж Пеко листовой, 200г",487.39,200г,Lenta,black_tea,200.0,2436.95,,,,
6211,"Чай черный GREENFIELD Kenyan Sunrise листовой, 200г",422.19,200г,Lenta,black_tea,200.0,2110.95,,,,
6212,"Чай черный GREENFIELD Blueberry Nights, 25пак",142.49,25пак,Lenta,black_tea,,,25.0,5.6996,,
6213,"Чай черный BASILUR Uva Цейлонский байховый, 100пак",578.94,100пак,Lenta,black_tea,,,100.0,5.7894000000000005,,
6214,"Чай черный BASILUR Восточная Коллекция Волшебные Ночи Magic Night листовой, 100г",368.42,100г,Lenta,black_tea,100.0,3684.2000000000003,,,,
6215,"Чай черный HYLEYS Эрл Грей с ароматом бергамота байховый листовой, 200г",294.39,200г,Lenta,black_tea,200.0,1471.9499999999998,,,,
6216,"Чай черный TESS Sunrise, 100пак",446.31,100пак,Lenta,black_tea,,,100.0,4.4631,,
6217,"Чай черный AHMAD TEA Earl Grey байховый листовой ароматизированный, 100г",292.69,100г,Lenta,black_tea,100.0,2926.8999999999996,,,,
6218,"Чай черный AHMAD TEA English Breakfast листовой, 100г",292.69,100г,Lenta,black_tea,100.0,2926.8999999999996,,,,
6219,"Чай черный AKBAR Gold цейлонский байховый, среднелистовой, 250г",484.94,250г,Lenta,black_tea,250.0,1939.76,,,,
6220,"Чай черный AHMAD TEA Summer Thyme с чабрецом байховый листовой, 100г",292.69,100г,Lenta,black_tea,100.0,2926.8999999999996,,,,
6221,"Чай черный ПРИНЦЕССА КАНДИ цейлонский, 25пак",78.99,25пак,Lenta,black_tea,,,25.0,3.1595999999999997,,
6222,"Чай зеленый TESS Flirt листовой, 100г",159.49,100г,Lenta,green_tea,100.0,1594.9,,,,
6223,"Чай черный CURTIS Sunny Lemon с ароматом цитрусовых, 20пак",156.49,20пир,Lenta,black_tea,,,20.0,7.8245000000000005,,
6224,"Чай черный RICHARD Lord Grey Цейлонский байховый, 25пак",187.36,25пак,Lenta,black_tea,,,25.0,7.494400000000001,,
6225,"Чай зеленый CURTIS Fresh Mojito, 20х1,7г",154.99,20пир,Lenta,green_tea,34.0,4558.529411764706,20.0,7.7495,,
6226,"Чай зеленый CURTIS Багама Найтс, 20пир",143.15,20пир,Lenta,green_tea,,,20.0,7.157500000000001,,
6227,"Чай черный CURTIS Isabella Grape с ароматом винограда, 20пак",156.49,20пир,Lenta,black_tea,,,20.0,7.8245000000000005,,
6228,"Чай черный AHMAD TEA Earl Grey с бергамотом байховый листовой, 200г",511.57,200г,Lenta,black_tea,200.0,2557.8500000000004,,,,
6229,"Чай черный AHMAD TEA English Breakfast листовой, 200г",487.39,200г,Lenta,black_tea,200.0,2436.95,,,,
6230,"Чай черный AHMAD TEA Цейлонский Оранж Пеко листовой, 500г",1084.49,500г,Lenta,black_tea,500.0,2168.98,,,,
6231,"Чай черный 365 ДНЕЙ байховый листовой, 200г",105.29,200г,Lenta,black_tea,200.0,526.45,,,,
6232,"Чай черный 365 ДНЕЙ байховый, листовой, 100г",42.1,100г,Lenta,black_tea,100.0,421.00000000000006,,,,
6233,"Чай зеленый ЛЕНТА Молочный Улун Китайский байховый, 25пак",97.99,25пак,Lenta,green_tea,,,25.0,3.9196,,
6234,"Чай черный AKBAR Красно-белая серия Цейлонский байховый, 100пак",325.29,100пак,Lenta,black_tea,,,100.0,3.2529000000000003,,
6235,"Чай черный GREENFIELD Spring Melody, 100пак",466.99,100пак,Lenta,black_tea,,,100.0,4.6699,,
6236,"Чай черный GREENFIELD Classic Breakfast, 100пак",466.99,100пак,Lenta,black_tea,,,100.0,4.6699,,
6237,"Чай зеленый AHMAD TEA Китайский, 25пак",111.57,25пак,Lenta,green_tea,,,25.0,4.4628,,
6239,"Чай зеленый MILFORD Детокс травяной байховый листовой, 20пак",232.63,20пак,Lenta,green_tea,,,20.0,11.631499999999999,,
6240,"Чай зеленый CURTIS Hugo Cocktail, 20х1,8г",154.99,20пак,Lenta,green_tea,36.0,4305.277777777778,20.0,7.7495,,
6241,"Чай черный NEWBY Darjeeling байховый, 100г",1348.42,100г,Lenta,black_tea,100.0,13484.2,,,,
6242,"Чай черный CURTIS Dessert Tea Collection, 30пак",511.57,30саш,Lenta,black_tea,,,30.0,17.052333333333333,,
6243,"Чай черный TESS Pleasure с ароматом тропических фруктов и растительными компонентами байховый, листовой, 200г",358.99,200г,Lenta,black_tea,200.0,1794.95,,,,
6244,"Чай черный TESS Санрайз байховый цейлонский, листовой, 200г",358.99,200г,Lenta,black_tea,200.0,1794.95,,,,
6245,"Чай зеленый 365 ДНЕЙ байховый, 20пак",25.26,20пак,Lenta,green_tea,,,20.0,1.2630000000000001,,
6246,"Чай черный ЛЕНТА с чабрецом байховый, 25пак",94.79,25пак,Lenta,black_tea,,,25.0,3.7916000000000003,,
6248,"Чай черный GREENFIELD Sicilian Citrus с ароматом красного апельсина, 20пир",185.29,20пир,Lenta,black_tea,,,20.0,9.2645,,
6249,"Чай черный AHMAD TEA Классический листовой, 200г",406.39,200г,Lenta,black_tea,200.0,2031.95,,,,
6250,"Чай черный AHMAD TEA Классический, 25пак",122.99,25пак,Lenta,black_tea,,,25.0,4.9196,,
6251,"Чай зеленый GREENFIELD Flying Dragon, 100пак",466.99,100пак,Lenta,green_tea,,,100.0,4.6699,,
6252,"Чай черный RICHARD Royal Ceylon Цейлонский байховый, 25пак",187.36,25саш,Lenta,black_tea,,,25.0,7.494400000000001,,
6253,"Чай черный RICHARD Royal Ceylon Цейлонский байховый, 100пак",422.19,100пак,Lenta,black_tea,,,100.0,4.2219,,
6254,"Чай черный TESS Banana Split, 20пир",136.49,20пир,Lenta,black_tea,,,20.0,6.8245000000000005,,
6255,"Чай черный RICHARD Royal Earl Grey Цейлонский с ароматом бергамота байховый, 100пак",422.19,100пак,Lenta,black_tea,,,100.0,4.2219,,
6256,"Чай черный AHMAD TEA Классический листовой, 500г",1013.68,500г,Lenta,black_tea,500.0,2027.36,,,,
6257,"Чай черный ЛЕНТА с чабрецом байховый, 100пак",263.19,100пак,Lenta,black_tea,,,100.0,2.6319,,
6258,"Чай зеленый RICHARD Royal Green Китайский байховый, 25пак",187.36,25саш,Lenta,green_tea,,,25.0,7.494400000000001,,
6259,"Чай черный RICHARD Royal Ceylon Цейлонский листовой, 90г",207.49,90г,Lenta,black_tea,90.0,2305.4444444444443,,,,
6261,"Чай зеленый TEATONE с ароматом жасмина, 15пак",259.99,15пак,Lenta,green_tea,,,15.0,17.332666666666668,,
6262,"Чай черный TEATONE Индийский, 15пак",389.47,15пак,Lenta,black_tea,,,15.0,25.96466666666667,,
6263,"Чай черный TEATONE с ароматом бергамота, 15пак",272.63,15пак,Lenta,black_tea,,,15.0,18.175333333333334,,
6265,"Чай черный ЛЕНТА с мятой, 25пак",94.79,25пак,Lenta,black_tea,,,25.0,3.7916000000000003,,
6267,"Чай зеленый 365 ДНЕЙ Китайский с ароматом жасмина байховый листовой, 100г",48.42,100г,Lenta,green_tea,100.0,484.20000000000005,,,,
6268,"Чай зеленый МАЙСКИЙ Зеленый, 25пак",85.89,25пак,Lenta,green_tea,,,25.0,3.4356,,
6269,"Чай черный ЛИСМА Индийский байховый, 100пак",259.99,100пак,Lenta,black_tea,,,100.0,2.5999,,
6270,"Чай черный ЛИСМА Индийский байховый, 25пак",72.39,25пак,Lenta,black_tea,,,25.0,2.8956,,
6271,"Чай черный ПРИНЦЕССА КАНДИ Цейлон, 100пак",276.84,100пак,Lenta,black_tea,,,100.0,2.7683999999999997,,
6272,"Чай черный АЗЕРЧАЙ с чабрецом байховый, 25пак",145.29,25пак,Lenta,black_tea,,,25.0,5.811599999999999,,
6273,"Чай черный АЗЕРЧАЙ байховый с чабрецом листовой, 100г",244.29,100г,Lenta,black_tea,100.0,2442.8999999999996,,,,
6274,"Чай черный АЗЕРЧАЙ Букет листовой, 100г",244.29,100г,Lenta,black_tea,100.0,2442.8999999999996,,,,
6275,"Чай черный АЗЕРЧАЙ с ароматом бергамота листовой, 100г",154.73,100г,Lenta,black_tea,100.0,1547.3,,,,
6277,"Чай черный RICHARD Royal English Breakfast байховый, 25пак",187.36,25саш,Lenta,black_tea,,,25.0,7.494400000000001,,
6278,"Чай черный RICHARD Lord Grey Цейлонский с ароматом бергамота и лимона, 
листовой, 90г",207.49,90г,Lenta,black_tea,90.0,2305.4444444444443,,,,
6279,"Чай черный TEATONE с ароматом мяты, 15пак",339.99,15пак,Lenta,black_tea,,,15.0,22.666,,
6280,"Чай зеленый TEATONE, 15пак",268.49,15пак,Lenta,green_tea,,,15.0,17.899333333333335,,
6281,"Чай черный TEATONE с ароматом чабреца, 15пак",389.47,15пак,Lenta,black_tea,,,15.0,25.96466666666667,,
6282,"Чай черный TEATONE с ароматом тропических фруктов, 15пак",389.47,15пак,Lenta,black_tea,,,15.0,25.96466666666667,,
6283,"Чай черный RICHARD Royal Ceylon Цейлонский листовой, 180г",393.49,180г,Lenta,black_tea,180.0,2186.055555555555,,,,
6284,"Чай черный TESS Kenya байховый, 100пак",446.31,100пак,Lenta,black_tea,,,100.0,4.4631,,
6285,"Чай зеленый ЧАЙНАЯ ПЛАНТАЦИЯ Имбирный апельсин байховый листовой, 70г",160.99,70г,Lenta,green_tea,70.0,2299.8571428571427,,,,
6288,"Чай зеленый ЧАЙНАЯ ПЛАНТАЦИЯ Сила тайги байховый листовой, 80г",157.89,80г,Lenta,green_tea,80.0,1973.6249999999998,,,,
6289,"Чай черный ЧАЙНАЯ ПЛАНТАЦИЯ с облепихой байховый листовой, 80г",157.89,80г,Lenta,black_tea,80.0,1973.6249999999998,,,,
6290,"Чай черный ЧАЙНАЯ ПЛАНТАЦИЯ Таежный байховый листовой, 80г",157.89,80г,Lenta,black_tea,80.0,1973.6249999999998,,,,
6291,"Чай черный ЧАЙНАЯ ПЛАНТАЦИЯ Миндальный пирог байховый листовой, 80г",157.89,80г,Lenta,black_tea,80.0,1973.6249999999998,,,,
6292,"Чай черный ЧАЙНАЯ ПЛАНТАЦИЯ Дикая вишня с розой байховый листовой, 80г",157.89,80г,Lenta,black_tea,80.0,1973.6249999999998,,,,
6293,"Чай черный ЧАЙНАЯ ПЛАНТАЦИЯ Груша с гранатом байховый листовой, 80г",157.89,80г,Lenta,black_tea,80.0,1973.6249999999998,,,,
6294,"Чай черный ЧАЙНАЯ ПЛАНТАЦИЯ с клюквой байховый листовой, 80г",157.89,80г,Lenta,black_tea,80.0,1973.6249999999998,,,,
6298,"Чай черный RICHARD Royal Love Цейлонский листовой, ж/б, 80г",537.49,80г,Lenta,black_tea,80.0,6718.625,,,,
6300,"Чай черный RICHARD Royal English Breakfast байховый, 100пак",422.19,100пак,Lenta,black_tea,,,100.0,4.2219,,
6301,"Чай черный BASILUR Избранная классика Earl Grey, листовой, 100г",421.05,100г,Lenta,black_tea,100.0,4210.5,,,,
6306,"Чай зеленый BONVIDA Молочный Улун для заваривания в 
чайнике, 20пак",371.49,20пак,Lenta,green_tea,,,20.0,18.5745,,
6307,"Чай зеленый BONVIDA с жасмином для заваривания в 
чайнике, 20пак",371.49,20пак,Lenta,green_tea,,,20.0,18.5745,,
6308,"Чай черный BONVIDA с чабрецом для заваривания в 
чайнике, 20пак",371.49,20пак,Lenta,black_tea,,,20.0,18.5745,,
6309,"Чай черный BONVIDA Эрл Грей с ароматом бергамота для заваривания в 
чайнике, 20пак",374.99,20пак,Lenta,black_tea,,,20.0,18.7495,,
6310,"Чай черный DOLCE ALBERO Классический, 20пак",147.36,20пак,Lenta,black_tea,,,20.0,7.368,,
6312,"Чай зеленый DOLCE ALBERO с ароматом гравиолы, 20пак",147.36,20пак,Lenta,green_tea,,,20.0,7.368,,
6313,"Чай черный DOLCE ALBERO с ароматом тропических фруктов, 20пак",140.99,20пак,Lenta,black_tea,,,20.0,7.0495,,
6314,"Чай черный DOLCE ALBERO с ароматом ягод, 20пак",147.36,20пак,Lenta,black_tea,,,20.0,7.368,,
6315,"Чай черный CURTIS Ягодный Блюз с ароматом ягод, 20пак",156.49,20пир,Lenta,black_tea,,,20.0,7.8245000000000005,,
6316,"Чай зеленый CURTIS Нежный манго, 20пир",154.99,20пир,Lenta,green_tea,,,20.0,7.7495,,
6317,"Чай зеленый RICHARD Royal Green Китайский байховый, 100пак",422.19,100пак,Lenta,green_tea,,,100.0,4.2219,,
6318,"Чай зеленый ЛЕНТА Да Хун Пао улун, листовой, 50г",178.99,50г,Lenta,green_tea,50.0,3579.8,,,,
6320,"Чай зеленый ЛЕНТА Молочный улун листовой, 100г",178.99,100г,Lenta,green_tea,100.0,1789.9,,,,
6321,"Чай черный AKBAR Limited Edition байховый, листовой, 200г",389.47,200г,Lenta,black_tea,200.0,1947.3500000000001,,,,
6322,"Чай черный СТАРИННЫЕ ГОРОДА РУСИ Москва байховый листовой, ж/б, 150г",578.99,150г,Lenta,black_tea,150.0,3859.9333333333334,,,,
6323,"Чай черный АЗЕРЧАЙ с ароматом бергамота, 100пак",406.39,100пак,Lenta,black_tea,,,100.0,4.0639,,
6324,"Чай черный АЗЕРЧАЙ Букет, 100пак",406.39,100пак,Lenta,black_tea,,,100.0,4.0639,,
6326,"Чай черный DOLCE ALBERO Orange Pekoe, листовой, 100г",178.94,100г,Lenta,black_tea,100.0,1789.3999999999999,,,,
6327,"Чай черный DOLCE ALBERO Earl Grey, листовой, 100г",178.94,100г,Lenta,black_tea,100.0,1789.3999999999999,,,,
6334,"Чай черный RICHARD Royal Kenya, 25пак",187.36,25пак,Lenta,black_tea,,,25.0,7.494400000000001,,
6335,"Чай черный RICHARD Royal Thyme & Rosemary, 25пак",187.36,25пак,Lenta,black_tea,,,25.0,7.494400000000001,,
6336,"Чай черный RICHARD Royal Kenya Кенийский байховый, 100пак",492.99,100пак,Lenta,black_tea,,,100.0,4.9299,,
6337,"Чай черный BASILUR Восточная коллекция Golden Crescent Золотой месяц, 25пак",157.89,25пак,Lenta,black_tea,,,25.0,6.3156,,
6338,"Чай черный GREENFIELD English Edition Цейлонский байховый, 100пак",466.99,100пак,Lenta,black_tea,,,100.0,4.6699,,
6339,"Чай зеленый RICHARD Moroccan Mint, 25пак",187.36,25пак,Lenta,green_tea,,,25.0,7.494400000000001,,
6340,"Чай черный RICHARD Christmas Toy Новогодняя игрушка Микс, листовой, 20г",297.99,20г,Lenta,black_tea,20.0,14899.5,,,,
6341,"Чай черный БОНТОН Счастливый день с ароматом земляники, крупнолистовой, 100г",524.99,100г,Lenta,black_tea,100.0,5249.900000000001,,,,
6343,"Чай зеленый DOLCE ALBERO Citrus Adventure, 20пир",294.73,20пир,Lenta,green_tea,,,20.0,14.736500000000001,,
6346,"Чай черный DOLCE ALBERO Mango story, 20пир",270.49,20пир,Lenta,black_tea,,,20.0,13.5245,,
6349,"Чай черный AHMAD TEA Классический, 100х2г",511.57,100пак,Lenta,black_tea,200.0,2557.8500000000004,100.0,5.1157,,
6351,"Чай черный МАЙСКИЙ с ароматом лимона байховый, 25пак",88.49,25пак,Lenta,black_tea,,,25.0,3.5395999999999996,,
6352,"Чай зеленый ЛИСМА Тонизирующий Китайский байховый, 25пак",72.39,25пак,Lenta,green_tea,,,25.0,2.8956,,
6353,"Чай черный BONVIDA байховый, крупнолистовой, 400г",421.09,400г,Lenta,black_tea,400.0,1052.725,,,,
6355,"Чай черный TESS Blueberry Tart с ароматом лаванды, яблоком и черникой, 20пир",138.99,20пир,Lenta,black_tea,,,20.0,6.9495000000000005,,
6356,"Чай зеленый DOLCE ALBERO с гравиолой, листовой, 100г",178.94,100г,Lenta,green_tea,100.0,1789.3999999999999,,,,
6357,Чай черный АЗЕРЧАЙ Байховый высшего сорта с чабрецом к/уп,406.31,100пак,Lenta,black_tea,,,100.0,4.0631,,
6358,"Чай черный ПРИНЦЕССА НУРИ Золото Шри-Ланки листовой, 200г",318.49,200г,Lenta,black_tea,200.0,1592.45,,,,
6359,"Чай черный ПРИНЦЕССА НУРИ Магия Бергамота ароматизированный, 100пак",341.05,100пак,Lenta,black_tea,,,100.0,3.4105000000000003,,
6360,"Чай зеленый RICHARD Royal Melissa с мятой и цедрой, 25пак",187.36,25пак,Lenta,green_tea,,,25.0,7.494400000000001,,
6362,"Чай черный DOLCE ALBERO C ароматом бергамота, 20пак",148.99,20пак,Lenta,black_tea,,,20.0,7.4495000000000005,,
6364,"Чай черный AHMAD TEA Эрл грей, листовой, 500г",994.99,500г,Lenta,black_tea,500.0,1989.98,,,,
6365,"Чай зеленый ПРИНЦЕССА ЯВА Традиционный, 100пак",308.42,100пак,Lenta,green_tea,,,100.0,3.0842,,
6372,"Чай черный DOLCE ALBERO с ароматом кленового сиропа, 20пак",147.36,20пак,Lenta,black_tea,,,20.0,7.368,,
6376,"Чай черный ШАХ GOLD гранулированный, 230г",363.15,230г,Lenta,black_tea,230.0,1578.9130434782608,,,,
6377,"Чай черный ЛИСМА Крепкий лимон, 25пак",78.94,25пак,Lenta,black_tea,,,25.0,3.1576,,
6378,"Чай черный AKBAR Малина и черника, 100пак",441.99,100пак,Lenta,black_tea,,,100.0,4.4199,,
6379,"Чай черный AKBAR Яблоко и шиповник, 100пак",441.99,100пак,Lenta,black_tea,,,100.0,4.4199,,
6382,"Чай зеленый AHMAD TEA Китайский, 100пак",347.39,100пак,Lenta,green_tea,,,100.0,3.4739,,
6383,"Чай черный КРАСНОДАРСКИЙ ГОСТ ЧАЙ РУЧНОЙ СБОР листовой, 100г",184.49,100г,Lenta,black_tea,100.0,1844.9,,,,
6384,"Чай черный КРАСНОДАРСКИЙ ГОСТ ЧАЙ РУЧНОЙ СБОР с лесными ягодами байховый, листовой, 100г",194.99,100г,Lenta,black_tea,100.0,1949.9,,,,
6385,"Чай зеленый КРАСНОДАРСКИЙ ГОСТ ЧАЙ РУЧНОЙ СБОР с жасмином байховый, листовой, 100г",194.99,100г,Lenta,green_tea,100.0,1949.9,,,,
6386,"Чай черный КРАСНОДАРСКИЙ ГОСТ ЧАЙ РУЧНОЙ СБОР с бергамотом байховый, листовой, 100г",205.99,100г,Lenta,black_tea,100.0,2059.9,,,,
6388,"Чай черный CURTIS Delicate Black, 100пак",453.99,100пак,Lenta,black_tea,,,100.0,4.5399,,
6389,"Чай черный CURTIS Elegant Earl Grey, 100пак",453.99,100пак,Lenta,black_tea,,,100.0,4.5399,,
6390,"Чай черный AHMAD TEA Магия манго, 25пак",171.57,25пак,Lenta,black_tea,,,25.0,6.8628,,
6391,"Чай черный AHMAD TEA Raspberry Indulgence, 25пак",187.36,25пак,Lenta,black_tea,,,25.0,7.494400000000001,,
6393,"Чай черный RICHARD Royal Thyme&Rosemary байховый с чабрецом и розмарином, 100пак",492.99,100пак,Lenta,black_tea,,,100.0,4.9299,,
6394,"Чай черный CURTIS Elegant Earl Grey ароматизированный с добавками байховый, 25пак",155.09,25пак,Lenta,black_tea,,,25.0,6.2036,,
6395,"Чай черный CURTIS Delicate Black байховый, 25пак",146.39,25пак,Lenta,black_tea,,,25.0,5.855599999999999,,
6398,"Чай черный АЗЕРЧАЙ Premium collection Traditional, 100пак",487.36,100пак,Lenta,black_tea,,,100.0,4.8736,,
6399,"Чай черный АЗЕРЧАЙ Premium Collection Эрл Грей с ароматом бергамота, 100пак",487.36,100пак,Lenta,black_tea,,,100.0,4.8736,,
6400,"Чай черный AKBAR Limited Edition, 100пак",395.49,100пак,Lenta,black_tea,,,100.0,3.9549000000000003,,
6401,"Чай черный AKBAR Голд байховый цейлонский, крупнолистовой, 250г",556.49,250г,Lenta,black_tea,250.0,2225.96,,,,
6402,"Чай черный КРАСНОДАРСКИЙ ГОСТ ЧАЙ РУЧНОЙ СБОР байховый, листовой, 40г",113.99,40г,Lenta,black_tea,40.0,2849.75,,,,
6403,"Чай черный BERNLEY English Classic, 100пак",326.99,100пак,Lenta,black_tea,,,100.0,3.2699000000000003,,
6404,"Чай зеленый TESS Get Energy оолонг байховый, 20пак",138.99,20пак,Lenta,green_tea,,,20.0,6.9495000000000005,,
6406,"Чай зеленый SHENNUN Молочный Улун китайский, листовой, 100г",276.89,100г,Lenta,green_tea,100.0,2768.9,,,,
6407,"Чай зеленый SHENNUN с манго китайский, листовой, 100г",276.89,100г,Lenta,green_tea,100.0,2768.9,,,,
6408,"Чай зеленый SHENNUN Молочный Би Ло Чунь китайский, листовой, 100г",290.52,100г,Lenta,green_tea,100.0,2905.2,,,,
6411,"Чай черный GREENFIELD Спринг Мелоди байховый, листовой, 100г",188.99,100г,Lenta,black_tea,100.0,1889.9,,,,
6412,"Чай черный АЗЕРЧАЙ с ароматом бергамота, 25пак",114.73,25пак,Lenta,black_tea,,,25.0,4.5892,,
6413,"Чай черный GREENFIELD Кениан санрайз, 100г",211.57,100г,Lenta,black_tea,100.0,2115.7,,,,
6414,"Чай черный AKBAR цейлонский, 100пак",406.31,,Lenta,black_tea,,,100.0,4.0631,,
6415,"Чай черный AKBAR крупнолистовой, 100г",219.99,100г,Lenta,black_tea,100.0,2199.9,,,,
6416,"Чай зеленый ЧЕРНЫЙ ДРАКОН Молочный Китайский байховый листовой, 100г",270.49,100г,Lenta,green_tea,100.0,2704.9,,,,
6417,"Чай зеленый ЧЕРНЫЙ ДРАКОН Молочный улун байховый, листовой, 100г",247.99,100г,Lenta,green_tea,100.0,2479.9,,,,
6422,"Чай черный DILMAH Golden pekoe цейлонский, листовой, 100г",315.78,100г,Lenta,black_tea,100.0,3157.7999999999997,,,,
6423,"Чай черный DILMAH цейлонский со вкусом бергамота и ванили, листовой, 100г",273.69,100г,Lenta,black_tea,100.0,2736.9,,,,
6426,"Чай зеленый ЧЕРНЫЙ ДРАКОН с жасмином байховый, листовой, 100г",140.99,100г,Lenta,green_tea,100.0,1409.9,,,,
6427,Чай черный АЗЕРЧАЙ Premium collection taditional байховый к/уп,146.31,25пак,Lenta,black_tea,,,25.0,5.8524,,
6428,"Чай зеленый ЧАЙНАЯ ПЛАНТАЦИЯ Улун абрикосовый, листовой, 100г",178.99,100г,Lenta,green_tea,100.0,1789.9,,,,
6429,"Чай зеленый ЧАЙНАЯ ПЛАНТАЦИЯ Улун манговый, листовой, 100г",178.99,100г,Lenta,green_tea,100.0,1789.9,,,,
6433,"Чай зеленый 365 ДНЕЙ байховый, 100пак",102.99,100пак,Lenta,green_tea,,,100.0,1.0299,,
6434,"Чай зеленый WILLIAMS Green queen, 25пак",192.69,25пак,Lenta,green_tea,,,25.0,7.7076,,
6435,"Чай черный WILLIAMS Royal Ceylon, 25пак",192.69,25пак,Lenta,black_tea,,,25.0,7.7076,,
6436,"Чай черный НЕОБЫЧАЙНЫЙ цейлонский, листовой, 400г",480.99,400г,Lenta,black_tea,400.0,1202.475,,,,
6437,"Чай зеленый TEATALE Молочный Улун китайский, листовой, 100г",378.99,100г,Lenta,green_tea,100.0,3789.9,,,,
6438,"Чай черный НЕОБЫЧАЙНЫЙ Цейлонский с ароматом бергамота, крупнолистовой, 200г",328.49,200г,Lenta,black_tea,200.0,1642.45,,,,
6439,"Чай черный AHMAD TEA Викэнд Коллекшн, 60пир",670.99,60пак,Lenta,black_tea,,,60.0,11.183166666666667,,
6440,"Чай черный AHMAD TEA Персик, маракуйя, 25пак",187.36,25пак,Lenta,black_tea,,,25.0,7.494400000000001,,
6441,"Чай черный HYSON Маракуйя цейлонский c ароматом маракуйи и растительными компонентами, листовой, 100г",336.89,100г,Lenta,black_tea,100.0,3368.9,,,,
6442,"Чай черный HYSON Фруктовая фантазия цейлонский c ароматом вишни и растительными компонентами, листовой, 100г",336.89,100г,Lenta,black_tea,100.0,3368.9,,,,
6443,"Чай зеленый HYSON с саусепом и растительными компонентами, крупнолистовой, 100г",336.89,100г,Lenta,green_tea,100.0,3368.9,,,,
6444,"Чай черный HYSON Саусеп цейлонский c ароматом саусепа и растительными компонентами, листовой, 100г",336.89,100г,Lenta,black_tea,100.0,3368.9,,,,
6445,"Чай черный ЛЕНТА PREMIUM Ассам, 20пир",263.19,20пир,Lenta,black_tea,,,20.0,13.1595,,
6446,"Чай зеленый ЛЕНТА PREMIUM Имбирный апельсин, 20пир",263.19,20пир,Lenta,green_tea,,,20.0,13.1595,,
6447,"Чай зеленый ЛЕНТА PREMIUM Молочный улун, 20пир",263.19,20пир,Lenta,green_tea,,,20.0,13.1595,,
6448,"Чай черный ЛЕНТА PREMIUM с чабрецом, 20пир",263.19,20пир,Lenta,black_tea,,,20.0,13.1595,,
6449,"Чай черный ЛЕНТА PREMIUM Эрл Грей, 20пир",263.19,20пир,Lenta,black_tea,,,20.0,13.1595,,
6450,"Чай черный ЛЕНТА PREMIUM с чабрецом, 400г",578.99,400г,Lenta,black_tea,400.0,1447.4750000000001,,,,
6451,"Чай зеленый ЛЕНТА PREMIUM Молочный улун, 400г",578.99,400г,Lenta,green_tea,400.0,1447.4750000000001,,,,
6452,"Чай черный ЛЕНТА PREMIUM Эрл Грей, 400г",452.69,400г,Lenta,black_tea,400.0,1131.7250000000001,,,,
6455,"Чай черный ЛЕНТА PREMIUM Английский завтрак, 400г",452.69,400г,Lenta,black_tea,400.0,1131.7250000000001,,,,
6456,"Чай зеленый GREENFIELD Оолонг Tropical Tarragon, 25пак",152.49,25пак,Lenta,green_tea,,,25.0,6.099600000000001,,
6457,"Чай черный TESS Санрайз байховый цейлонский, 25пак",115.78,25пак,Lenta,black_tea,,,25.0,4.6312,,
6458,"Чай черный AKBAR Граф Грей байховый мелкий с ароматом бергамота, 100пак",373.68,100пак,Lenta,black_tea,,,100.0,3.7368,,
6459,"Чай черный ШАХ Gold байховый цейлонский, листовой, 200г",614.79,200г,Lenta,black_tea,200.0,3073.95,,,,
6460,"Чай черный ПРИНЦЕССА КАНДИ Медиум, 250г",244.2,250г,Lenta,black_tea,250.0,976.8,,,,
6461,"Чай зеленый GREENFIELD Milky oolong, 25пак",142.49,25пак,Lenta,green_tea,,,25.0,5.6996,,
6462,Чай черный АЗЕРЧАЙ Байховый с аром. бергамота к/уп,355.78,250г,Lenta,black_tea,250.0,1423.12,,,,
6463,Чай черный HILLTOP Цейлонское утро к/уп,276.84,50г,Lenta,black_tea,50.0,5536.799999999999,,,,
6464,"Чай зеленый TESS Стайл байховый цейлонский, 25пак",108.49,25пак,Lenta,green_tea,,,25.0,4.3396,,
6465,"Чай черный ТРИ ДРУЖНЫХ СЛОНА, 100пак",325.26,100пак,Lenta,black_tea,,,100.0,3.2525999999999997,,
6466,"Чай зеленый SHENNUN Китайский с жасмином, 200г",205.99,200г,Lenta,green_tea,200.0,1029.95,,,,
6467,"Чай черный SHENNUN Китайский с бергамотом, 200г",325.26,200г,Lenta,black_tea,200.0,1626.3,,,,
6468,"Чай зеленый SHENNUN Китайский молочный Гу Шу, 200г",325.26,200г,Lenta,green_tea,200.0,1626.3,,,,
6469,"Чай черный RICHARD Royal Lemon арома, 25пак",187.36,25пак,Lenta,black_tea,,,25.0,7.494400000000001,,
6470,"Чай зеленый CURTIS Fresh Green, 25пак",160.99,25саш,Lenta,green_tea,,,25.0,6.4396,,
6471,"Чай черный RICHARD Royal English Breakfast листовой, 180г",437.89,180г,Lenta,black_tea,180.0,2432.722222222222,,,,
6472,"Чай черный CURTIS Pleasure Time арома, 25пак",135.49,25саш,Lenta,black_tea,,,25.0,5.4196,,
6473,"Чай черный RICHARD Royal Kenya листовой, 180г",437.89,180г,Lenta,black_tea,180.0,2432.722222222222,,,,
6474,"Чай черный RICHARD Royal Goji&Wild Strawberry арома, 25пак",187.36,25саш,Lenta,black_tea,,,25.0,7.494400000000001,,
6475,"Чай зеленый CURTIS Fantasy Peach арома, 25пак",163.99,25саш,Lenta,green_tea,,,25.0,6.5596000000000005,,
6481,"Чай черный BERNLEY Инглиш Классик Цейлонский, листовой, 100г",211.57,100г,Lenta,black_tea,100.0,2115.7,,,,
6482,"Чай зеленый SHENNUN Традиционный, 25пак",97.99,25пак,Lenta,green_tea,,,25.0,3.9196,,
6483,"Чай зеленый SHENNUN с ароматом жасмина, 25пак",96.99,25пак,Lenta,green_tea,,,25.0,3.8796,,
6484,"Чай черный ЗЕЛЕНАЯ ПАНДА Праздничный, листовой, 100г",270.49,,Lenta,black_tea,100.0,2704.9,,,,
6487,"Чай черный АЗЕРЧАЙ Армуду Букет, 100пак",324.49,100пак,Lenta,black_tea,,,100.0,3.2449,,
6488,"Чай черный АЗЕРЧАЙ Армуду с ароматом бергамота, 100пак",511.57,100пак,Lenta,black_tea,,,100.0,5.1157,,
6489,"Чай зеленый АЗЕРЧАЙ Армуду, 100пак",511.57,100пак,Lenta,green_tea,,,100.0,5.1157,,
6492,"Чай черный TEATALE Мелодия Рождества Снеговик, листовой, 50г",135.49,50г,Lenta,black_tea,50.0,2709.8,,,,
6495,"Чай черный ЗАВТРАК ИМПЕРАТОРА байховый цейлонский, листовой, 100г",163.19,100г,Lenta,black_tea,100.0,1631.8999999999999,,,,
6496,"Чай зеленый ЗОЛОТАЯ ЧАША Китайский байховый, 20пак",52.69,20пак,Lenta,green_tea,,,20.0,2.6345,,
6497,"Чай черный ЗОЛОТАЯ ЧАША Индийский байховый, 20пак",59.99,20пак,Lenta,black_tea,,,20.0,2.9995000000000003,,
6498,"Чай черный ЗОЛОТАЯ ЧАША Крепкий байховый, 25пак",64.49,25пак,Lenta,black_tea,,,25.0,2.5795999999999997,,
6499,"Чай зеленый ЗОЛОТАЯ ЧАША Китайский байховый, 100пак",216.49,100пак,Lenta,green_tea,,,100.0,2.1649000000000003,,
6500,"Чай черный ЗОЛОТАЯ ЧАША Малина байховый, 20пак",59.99,20пак,Lenta,black_tea,,,20.0,2.9995000000000003,,
6501,"Чай черный ЗОЛОТАЯ ЧАША Бергамот байховый, 20пак",63.15,20пак,Lenta,black_tea,,,20.0,3.1574999999999998,,
6502,"Чай черный ЗОЛОТАЯ ЧАША Индийский байховый, 90пак",187.36,90пак,Lenta,black_tea,,,90.0,2.081777777777778,,
6503,"Чай черный ЗОЛОТАЯ ЧАША байховый, 100пак",191.49,100пак,Lenta,black_tea,,,100.0,1.9149,,
6504,"Чай черный ЗОЛОТАЯ ЧАША Клубника байховый, 20пак",62.99,20пак,Lenta,black_tea,,,20.0,3.1495,,
6505,"Чай зеленый ЗОЛОТАЯ ЧАША Лимон байховый, 20пак",57.89,20пак,Lenta,green_tea,,,20.0,2.8945,,
6507,"Чай зеленый BASILUR Букет Кремовая фантазия, листовой, 100г",324.49,100г,Lenta,green_tea,100.0,3244.9,,,,
6508,"Чай зеленый BASILUR Молочный улун байховый, 100пак",588.99,100пак,Lenta,green_tea,,,100.0,5.8899,,
6509,"Чай черный RICHE NATUR Bohemia с ароматом бергамота и айвы, листовой, 100г",729.47,100г,Lenta,black_tea,100.0,7294.700000000001,,,,
6510,"Чай черный RICHE NATUR Felicity с цукатами ананаса и ароматом земляники, листовой, 100г",729.47,100г,Lenta,black_tea,100.0,7294.700000000001,,,,
6511,"Чай черный RICHE NATUR Paradise с цукатами и ароматом манго и карамболы, листовой, 100г",729.47,100г,Lenta,black_tea,100.0,7294.700000000001,,,,
6512,"Чай зеленый RICHARD Royal Strawberry&Aloe Vera арома, 25пак",187.36,25пак,Lenta,green_tea,,,25.0,7.494400000000001,,
6513,"Чай черный RICHARD Royal Berries Selection арома, 25пак",187.36,25пак,Lenta,black_tea,,,25.0,7.494400000000001,,
6514,"Чай черный МАЙСКИЙ Сердце цейлона, 25пак",90.99,25пак,Lenta,black_tea,,,25.0,3.6395999999999997,,
6515,"Чай черный AKBAR Садовые фрукты ароматизированный с измельченными натуральными компонентами, 100пак",395.99,100пак,Lenta,black_tea,,,100.0,3.9599,,
6516,"Чай зеленый TEATONE с ароматом мяты, 15пак",215.49,15пак,Lenta,green_tea,,,15.0,14.366000000000001,,
6517,"Чай черный CURTIS Tender Moments, 100саш",463.49,100саш,Lenta,black_tea,,,100.0,4.6349,,
6518,"Чай черный CURTIS Perfect Brunch, 100саш",467.49,100саш,Lenta,black_tea,,,100.0,4.6749,,
6519,"Чай черный TEATALE Сочные фрукты с ароматом бергамота, 100г",353.99,100г,Lenta,black_tea,100.0,3539.9,,,,
6520,"Чай черный TEATALE Сочные фрукты с ароматом апельсина и манго, 100г",347.39,100г,Lenta,black_tea,100.0,3473.9,,,,
6521,"Чай черный TEATALE Сочные фрукты с ароматом ананаса, 100г",347.36,100г,Lenta,black_tea,100.0,3473.6000000000004,,,,
6522,"Чай черный CURTIS Tender Moments арома, 25пак",163.99,25пак,Lenta,black_tea,,,25.0,6.5596000000000005,,
6523,"Чай черный МАЙСКИЙ Сердце цейлона цейлонский, листовой, 100пак",346.49,100пак,Lenta,black_tea,,,100.0,3.4649,,
6524,"Чай черный TESS Хай Цейлон, 100пак",446.31,100пак,Lenta,black_tea,,,100.0,4.4631,,
6527,"Чай зеленый ЛЕНТА с экстрактом мяты, 100пак",270.49,100пак,Lenta,green_tea,,,100.0,2.7049000000000003,,
6528,"Чай зеленый ЛЕНТА с экстрактом мяты, 25пак",97.99,25пак,Lenta,green_tea,,,25.0,3.9196,,
6529,"Чай зеленый ЛЕНТА Молочный улун, 25пак",97.99,25пак,Lenta,green_tea,,,25.0,3.9196,,
6530,"Чай черный TESS High ceylon, 25пак",136.84,25пак,Lenta,black_tea,,,25.0,5.4736,,
6531,"Чай черный и зеленый CURTIS Colour Tea Set Ассорти из 9 вкусов с цветными чаями, 54пак",603.99,54пак,Lenta,black_tea,,,54.0,11.185,,
6532,"Чай черный ЛЕНТА Русский музей Земляника со сливками крупный листовой, 400г",526.39,400г,Lenta,black_tea,400.0,1315.975,,,,
6533,"Чай зеленый CURTIS Sweet Fusion арома, 25пак",146.31,25пак,Lenta,green_tea,,,25.0,5.8524,,
6537,"Чай черный RICHARD Energy Tea, 20пак",187.36,20пак,Lenta,black_tea,,,20.0,9.368,,
6538,"Чай зеленый RICHARD Digestive, 30г",187.36,30г,Lenta,green_tea,30.0,6245.333333333334,,,,
6539,"Чай зеленый RICHARD Relax, 30г",187.36,30г,Lenta,green_tea,30.0,6245.333333333334,,,,
6541,"Чай черный NADIN Гранат, розмарин с ароматом граната, листовой, 100г",209.99,100г,Lenta,black_tea,100.0,2099.9,,,,
6542,"Чай черный МАСТЕР ТИМ Все в шоколаде, 24пак",216.49,48г,Lenta,black_tea,48.0,4510.208333333334,24.0,9.020416666666668,,
6543,"Чай черный RICHARD Royal Postcards Tea Assortment Зима ассорти, 17,1г",201.99,"17,1г",Lenta,black_tea,17.1,11812.280701754386,,,,
6544,"Чай черный CURTIS Summer Vibe c чабрецом, мятой и ароматом цитрусовых,  100пак",299.99,100пак,Lenta,black_tea,,,100.0,2.9999000000000002,,
6545,"Чай черный WILLIAMS Black Crystal Премиум Пеко байховый цейлонский элитный, листовой, 100г",216.49,100г,Lenta,black_tea,100.0,2164.9,,,,
6546,"Чай черный WILLIAMS Violet Crystal байховый листовой с лепестками василька, шиповником и ароматом и кусочками манго, листовой, 100г",216.49,100г,Lenta,black_tea,100.0,2164.9,,,,
6547,"Чай черный WILLIAMS Azure Crystal цейлонский с лепестками подсолнечника и натуральными кусочками земляники, листовой, 100г",216.49,100г,Lenta,black_tea,100.0,2164.9,,,,
6548,"Чай черный WILLIAMS Purple Crystal байховый листовой с лепестками календулы и ароматом тропических фруктов, листовой, 100г",216.49,100г,Lenta,black_tea,100.0,2164.9,,,,
6549,"Чай черный WILLIAMS Assam Crystal индийский ассам с высоким содержанием чайных почек, листовой, 100г",216.49,100г,Lenta,black_tea,100.0,2164.9,,,,
6550,"Чай черный TEATALE Christmas Time байховый с ароматом сливы среднелистовой, 50г",135.49,50г,Lenta,black_tea,50.0,2709.8,,,,
6551,"Чай черный WILLIAMS Bright Crystal OPA отборный цейлонский, крупнолистовой, 100г",216.49,100г,Lenta,black_tea,100.0,2164.9,,,,
6553,"Чай зеленый ВЫБОР СЕМЬИ байховый с ароматом жасмина, крупнолистовой, 100г",136.89,100г,Lenta,green_tea,100.0,1368.8999999999999,,,,
6555,"Чай черный АЗЕРЧАЙ Байховый букет, 25пак",125.99,25пак,Lenta,black_tea,,,25.0,5.0396,,
6556,"Чай черный TEATONE Пряный апельсин с апельсином и перцем, 15пак",339.99,15пак,Lenta,black_tea,,,15.0,22.666,,
6557,"Чай черный TEATONE с ароматом барбариса, 15пак",230.99,15пак,Lenta,black_tea,,,15.0,15.399333333333335,,
6558,"Чай черный 365 ДНЕЙ байховый с ароматом лимона, 100пак",119.49,100пак,Lenta,black_tea,,,100.0,1.1948999999999999,,
6559,"Чай черный BASILUR Винтажные цветы Жасминовая мечта, листовой, 75г",389.47,75г,Lenta,black_tea,75.0,5192.933333333333,,,,
6560,"Чай зеленый BASILUR Винтажные цветы Цветочный букет, листовой, 75г",389.47,75г,Lenta,green_tea,75.0,5192.933333333333,,,,
6561,"Чай зеленый BASILUR Винтажные цветы Тропическая страсть, листовой, 75г",389.47,75г,Lenta,green_tea,75.0,5192.933333333333,,,,
6567,"Чай черный NADIN с чабрецом, крупнолистовой, 50г",108.49,50г,Lenta,black_tea,50.0,2169.7999999999997,,,,
6569,"Чай зеленый ВЫБОР СЕМЬИ мелколистовой, 25пак",36.89,25пак,Lenta,green_tea,,,25.0,1.4756,,
6570,"Чай черный ВЫБОР СЕМЬИ мелколистовой, 25пак",36.89,25пак,Lenta,black_tea,,,25.0,1.4756,,
6571,"Чай черный ВЫБОР СЕМЬИ с мятой, 25пак",42.19,25пак,Lenta,black_tea,,,25.0,1.6876,,
6572,"Чай черный ВЫБОР СЕМЬИ с ароматом клубники, 25пак",42.19,25пак,Lenta,black_tea,,,25.0,1.6876,,
6573,"Чай черный ВЫБОР СЕМЬИ с ароматом лесных ягод, 25пак",42.19,25пак,Lenta,black_tea,,,25.0,1.6876,,
6574,"Чай зеленый ВЫБОР СЕМЬИ с ароматом жасмина, 25пак",42.19,25пак,Lenta,green_tea,,,25.0,1.6876,,
6575,"Чай зеленый ВЫБОР СЕМЬИ с ароматом лайма, 25пак",43.49,25пак,Lenta,green_tea,,,25.0,1.7396,,
6576,"Чай черный ВЫБОР СЕМЬИ мелколистовой, 100пак",126.39,100пак,Lenta,black_tea,,,100.0,1.2639,,
6577,"Чай черный ВЫБОР СЕМЬИ с чабрецом, 100пак",130.49,100пак,Lenta,black_tea,,,100.0,1.3049000000000002,,
6578,"Чай зеленый ВЫБОР СЕМЬИ с мелиссой, 100пак",126.39,100пак,Lenta,green_tea,,,100.0,1.2639,,
6579,"Чай зеленый ВЫБОР СЕМЬИ с ароматом бергамота, 50г",63.19,50г,Lenta,green_tea,50.0,1263.8,,,,
6580,"Чай черный ВЫБОР СЕМЬИ с ароматом Бергамота, среднелистовой, 100г",92.49,100г,Lenta,black_tea,100.0,924.9,,,,
6581,"Чай черный ВЫБОР СЕМЬИ с чабрецом, среднелистовой, 100г",91.49,100г,Lenta,black_tea,100.0,914.9,,,,
6582,"Чай черный ВЫБОР СЕМЬИ с мятой, среднелистовой, 100г",91.49,100г,Lenta,black_tea,100.0,914.9,,,,
6583,"Чай черный ЛЕНТА крупнолистовой, 200г",189.49,200г,Lenta,black_tea,200.0,947.45,,,,
6584,"Чай зеленый ВЫБОР СЕМЬИ мелкий, листовой, 100пак",151.99,100пак,Lenta,green_tea,,,100.0,1.5199,,
6587,"Чай черный JOLLY в пакетиках для разовой заварки, 100пак",315.79,100пак,Lenta,black_tea,,,100.0,3.1579,,
6588,"Чай черный JOLLY в пакетиках для разовой заварки, 25пак",105.29,25пак,Lenta,black_tea,,,25.0,4.211600000000001,,
6589,"Чай черный ВЫБОР СЕМЬИ байховый гранулированный, 180г",115.79,180г,Lenta,black_tea,180.0,643.2777777777778,,,,
6590,"Чай черный ВЫБОР СЕМЬИ байховый гранулированный, 100г",73.69,100г,Lenta,black_tea,100.0,736.9,,,,
6591,"Чай черный BERNLEY Садовые фрукты, 100пак",263.19,100пак,Lenta,black_tea,,,100.0,2.6319,,
6592,"Чай черный AKBAR Сливочная карамель, листовой, 100г",545.26,100г,Lenta,black_tea,100.0,5452.6,,,,
6593,"Чай черный BERNLEY Лесные ягоды, 100пак",263.19,100пак,Lenta,black_tea,,,100.0,2.6319,,
6594,"Чай черный AKBAR Грейпфрут и арбуз, листовой, 100г",545.26,100г,Lenta,black_tea,100.0,5452.6,,,,
6595,"Чай черный AKBAR Смородина и мята, листовой, 100г",545.26,100г,Lenta,black_tea,100.0,5452.6,,,,
6599,"Чай черный RICHARD Royal Mango&Acai berry, 25пак",172.63,25пак,Lenta,black_tea,,,25.0,6.9052,,
6600,"Чай черный RICHARD Royal Moro orange&Passion flower, 25пак",203.15,25пак,Lenta,black_tea,,,25.0,8.126,,
6601,"Чай черный CURTIS Perfect Brunch листовой, 100г",227.36,100г,Lenta,black_tea,100.0,2273.6,,,,
6602,"Чай черный CURTIS Tender Moments листовой, 100г",235.78,100г,Lenta,black_tea,100.0,2357.8,,,,
6603,"Чай зеленый CURTIS Mango Mood листовой, 100г",223.15,100г,Lenta,green_tea,100.0,2231.5,,,,
6605,"Чай черный HERBARUS с добавками шиповник, гибискус, 24пак",318.49,24пак,Lenta,black_tea,,,24.0,13.270416666666668,,
6607,"Чай черный KIOKO с ароматом бергамота, 25пак",343.15,25пак,Lenta,black_tea,,,25.0,13.725999999999999,,
6608,"Чай черный KIOKO Индийский крепкий с ароматом и солодовым вкусом, 25пак",162.49,25пак,Lenta,black_tea,,,25.0,6.4996,,
6609,"Чай черный KIOKO с ароматом японской сакуры, 25пак",343.15,25пак,Lenta,black_tea,,,25.0,13.725999999999999,,
6610,"Чай зеленый ЧЕРНЫЙ ДРАКОН Китайский с имбирем байховый листовой, 100г",216.49,100г,Lenta,green_tea,100.0,2164.9,,,,
6612,"Чай черный CURTIS Hawaii Sunkiss, 20пак",146.31,20пак,Lenta,black_tea,,,20.0,7.3155,,
6614,"Чай черный ЛИСМА Бергамот крепкий, 25пак",73.68,25пак,Lenta,black_tea,,,25.0,2.9472000000000005,,
6616,"Чай черный ЛИСМА Садовые ягоды с чабрецом, 25пак",59.99,25пак,Lenta,black_tea,,,25.0,2.3996,,
6618,"Чай черный IN-STICK Top choice, 12пак",126.31,12пак,Lenta,black_tea,,,12.0,10.525833333333333,,
6619,"Чай зеленый IN-STICK Top choice с жасмином, 12пак",126.31,12пак,Lenta,green_tea,,,12.0,10.525833333333333,,
6620,"Чай черный IN-STICK Top choice Ассорти 1 Бергамот, чабрец, мята, 12пак",126.31,12пак,Lenta,black_tea,,,12.0,10.525833333333333,,
6621,"Чай черный IN-STICK Top choice с бергамотом, 12пак",126.31,12пак,Lenta,black_tea,,,12.0,10.525833333333333,,
6622,"Чай черный IN-STICK Top choice Ассорти 3 Апельсин-миндаль, трюфель-какао, амаретто, 12пак",126.31,12пак,Lenta,black_tea,,,12.0,10.525833333333333,,
6623,"Чай черный NADIN С Праздником, крупнолистовой, 50г",154.99,50г,Lenta,black_tea,50.0,3099.8,,,,
6624,"Чай черный NADIN Счастливого Нового года! крупнолистовой, 50г",154.99,50г,Lenta,black_tea,50.0,3099.8,,,,
6625,"Чай черный МАЙСКИЙ Новогодний медальон, листовой, 20г",216.49,20г,Lenta,black_tea,20.0,10824.5,,,,
6627,"Чай черный TEATALE Новогодняя мечта Бодрящий бергамот, 50г",135.49,50г,Lenta,black_tea,50.0,2709.8,,,,
6628,"Чай черный TEATALE Мелодия Рождества Варежки, 50г",135.49,50г,Lenta,black_tea,50.0,2709.8,,,,
6629,"Чай черный TEATALE Время подарков, 50г",135.49,50г,Lenta,black_tea,50.0,2709.8,,,,
6630,"Чай черный ВКУСЫ МИРА Праздничный апельсин, листовой, 50г",243.99,50г,Lenta,black_tea,50.0,4879.8,,,,
6631,"Чай черный ВКУСЫ МИРА Альпийский глинтвейн, листовой, 50г",243.99,50г,Lenta,black_tea,50.0,4879.8,,,,
6633,"Чай черный ЛЕНТА Русские узоры Дикая вишня, 20пир",292.49,20пир,Lenta,black_tea,,,20.0,14.624500000000001,,
6634,"Чай черный ЛЕНТА Русские узоры с ароматом клубника со сливками, 20пир",292.49,20пир,Lenta,black_tea,,,20.0,14.624500000000001,,
6635,"Чай черный ЛЕНТА Русские узоры Клубника со сливками, листовой, 85г",378.99,85г,Lenta,black_tea,85.0,4458.705882352941,,,,
6636,"Чай черный ЛЕНТА Русские узоры с облепихой и грушей, листовой, 85г",378.99,85г,Lenta,black_tea,85.0,4458.705882352941,,,,
6638,"Чай черный ЛЕНТА Апельсиновый новый год ароматизированный с добавками растительного сырья, 20г",263.15,20г,Lenta,black_tea,20.0,13157.499999999998,,,,
6640,"Чай черный KIOKO REVITA CHIKARA, 25пак",231.59,25пак,Lenta,black_tea,,,25.0,9.2636,,
6642,"Чай черный TEATALE Garden Flowers Purple байховый с чабрецом, среднелистовой, 50г",146.31,50г,Lenta,black_tea,50.0,2926.2000000000003,,,,
6643,"Чай черный TEATALE Garden Flowers Pink с лесными ягодами байховый, среднелистовой, 50г",146.31,50г,Lenta,black_tea,50.0,2926.2000000000003,,,,
6644,"Чай зеленый TEATALE Garden Flowers Blue с мятой, листовой, 50г",146.31,50г,Lenta,green_tea,50.0,2926.2000000000003,,,,
6655,"Чай зеленый BASILUR Фруктовое вдохновение ассорти, 60г",652.63,60г,Lenta,green_tea,60.0,10877.166666666666,,,,
6656,"Чай зеленый BASILUR Цветочная гармония Цветущая вишня, 75г",884.2,75г,Lenta,green_tea,75.0,11789.333333333334,,,,
6657,"Чай зеленый BASILUR Цветочная гармония Бархатный персик, 75г",884.2,75г,Lenta,green_tea,75.0,11789.333333333334,,,,
6660,"Чай черный AKBAR с ароматом лимона, 25пак",82.19,25пак,Lenta,black_tea,,,25.0,3.2876,,
6661,"Чай зеленый AHMAD TEA с жасмином, 100пак",592.63,100пак,Lenta,green_tea,,,100.0,5.9263,,
6663,"Чай черный МАЙСКИЙ Душистый чабрец с лимоном, 25пак",97.89,25пак,Lenta,black_tea,,,25.0,3.9156,,
6664,"Чай черный МАЙСКИЙ Сладкая малина с мятой, 25пак",97.89,25пак,Lenta,black_tea,,,25.0,3.9156,,
6665,"Чай черный МАЙСКИЙ Сочная смородина с мятой, 25пак",129.47,25пак,Lenta,black_tea,,,25.0,5.1788,,
6666,"Чай черный МАЙСКИЙ Ароматный бергамот, 25пак",97.89,25пак,Lenta,black_tea,,,25.0,3.9156,,
6667,"Чай черный RICHARD ROYAL Garden Bouquet, 100саш",543.15,100саш,Lenta,black_tea,,,100.0,5.4315,,
6668,"Чай черный RICHARD ROYAL Legend of Africa, 100саш",543.15,100саш,Lenta,black_tea,,,100.0,5.4315,,
6669,"Чай черный RICHARD ROYAL Bergamot&Vanilla, 100саш",543.15,100саш,Lenta,black_tea,,,100.0,5.4315,,
6672,"Чай зеленый AKBAR Классический, 25пак",90.59,25пак,Lenta,green_tea,,,25.0,3.6236,,
6673,"Чай черный AKBAR Gold цейлонский крупнолистовой, 100г",292.63,100г,Lenta,black_tea,100.0,2926.2999999999997,,,,
6676,"Чай черный RICHARD ROYAL Garden Bouquet, 25саш",171.59,25саш,Lenta,black_tea,,,25.0,6.8636,,
6677,"Чай черный RICHARD ROYAL Legend Of Africa, 25саш",171.59,25саш,Lenta,black_tea,,,25.0,6.8636,,
6678,"Чай черный RICHARD ROYAL Bergamot&Vanilla, 25саш",171.59,25саш,Lenta,black_tea,,,25.0,6.8636,,
6679,"Чай черный ПРИНЦЕССА НУРИ Высокогорный листовой, 100г",130.59,100г,Lenta,black_tea,100.0,1305.9,,,,
6680,"Чай черный ШАХ ГОЛД Индийский, 25пак",106.39,25пак,Lenta,black_tea,,,25.0,4.2556,,
6688,Окорок свиной ЛЕНТА FRESH на кости,615.89,,Lenta,pork_leg,,,,,,
6699,"Окорок свиной ЛЕНТА FRESH бескостный, весовой",463.19,,Lenta,pork_leg,1000.0,463.19,,,,
6718,"Окорок из свинины, бескостный, вакуумная упаковка, весовой",648.41,,Lenta,pork_leg,1000.0,648.41,,,,
6723,"Хлеб пшеничный HARRY'S Аmerican sandwich, 470г",126.31,470г,Lenta,bread,470.0,268.74468085106383,,,,
6724,"Хлеб ХЛЕБНЫЙ ДОМ Тостовый, в нарезке, 500г",110.49,500г,Lenta,bread,500.0,220.98,,,,
6725,"Хлеб формовой ХЛЕБОЗАВОД №28 Украинский новый, в нарезке, 700г",53.49,700г,Lenta,bread,700.0,76.41428571428571,,,,
6726,"Хлеб ХЛЕБОЗАВОД №22 8 злаков, в нарезке, 270г",111.99,270г,Lenta,bread,270.0,414.77777777777777,,,,
6727,"Хлеб ХЛЕБОЗАВОД №22 Дарницкий, 700г",62.99,700г,Lenta,bread,700.0,89.9857142857143,,,,
6728,"Батон КОЛОМЕНСКОЕ Нарезной, в нарезке, 400г",71.49,400г,Lenta,bread,400.0,178.725,,,,
6729,"Хлеб КОЛОМЕНСКОЕ Бородинский, в нарезке, 400г",68.49,400г,Lenta,bread,400.0,171.225,,,,
6730,"Хлеб ржано-пшеничный подовый РИЖСКИЙ ХЛЕБ Деревенский, бездрожжевой, 220г",77.99,220г,Lenta,bread,220.0,354.5,,,,
6731,"Хлеб КОЛОМЕНСКОЕ Ржаной край, 300г",87.49,300г,Lenta,bread,300.0,291.6333333333333,,,,
6734,"Хлеб зерновой КОЛОМЕНСКОЕ Ржаной край, 300г",126.31,300г,Lenta,bread,300.0,421.0333333333333,,,,
6735,"Хлеб ЗАО ЩЕЛКОВОХЛЕБ Ржевский, в нарезке, 340г",53.49,340г,Lenta,bread,340.0,157.32352941176472,,,,
6736,"Хлеб ЗАО ЩЕЛКОВОХЛЕБ Тостовый молочный, в нарезке, 500г",99.99,500г,Lenta,bread,500.0,199.98,,,,
6737,"Хлеб ЗАО ЩЕЛКОВОХЛЕБ Бородинский новый, в нарезке, 500г",56.99,500г,Lenta,bread,500.0,113.98,,,,
6738,"Батон ЗАО ЩЕЛКОВОХЛЕБ Щелковский, в нарезке, 330г",56.89,330г,Lenta,bread,330.0,172.3939393939394,,,,
6739,"Хлеб зерновой ХЛЕБНЫЙ ДОМ Геркулес, в нарезке, половинка, 250г",62.99,250г,Lenta,bread,250.0,251.96,,,,
6740,"Батон ХЛЕБНЫЙ ДОМ Утренний, в нарезке, 400г",82.1,400г,Lenta,bread,400.0,205.25,,,,
6741,"Хлеб ДЕДОВСКИЙ ХЛЕБ Дарницкий, в нарезке, 350г",36.99,350г,Lenta,bread,350.0,105.68571428571428,,,,
6742,"Хлеб КОЛОМЕНСКОЕ Ароматный, в нарезке, 400г",70.49,400г,Lenta,bread,400.0,176.225,,,,
6743,"Хлеб ХЛЕБОЗАВОД №22 Столичный, в нарезке, 700г",76.99,700г,Lenta,bread,700.0,109.98571428571428,,,,
6744,"Хлеб ЧЕРЕМУШКИ Бородинский, в нарезке, половинка, 390г",59.99,390г,Lenta,bread,390.0,153.82051282051282,,,,
6745,"Хлеб ЧЕРЕМУШКИ Дарницкий, в нарезке, половинка, 340г",57.99,340г,Lenta,bread,340.0,170.55882352941177,,,,
6746,"Батон ЧЕРЕМУШКИ Нарезной, 400г",67.49,400г,Lenta,bread,400.0,168.725,,,,
6748,"Батон пшеничный КОЛОМЕНСКОЕ с отрубями, 300г",70.49,300г,Lenta,bread,300.0,234.96666666666667,,,,
6749,"Батон ЧЕРЕМУШКИ Полюшко, в нарезке, 300г",74.99,300г,Lenta,bread,300.0,249.96666666666664,,,,
6750,"Хлеб ЧЕРЕМУШКИ Столичный, в нарезке, половинка, 330г",54.99,330г,Lenta,bread,330.0,166.63636363636363,,,,
6751,"Хлеб ЧЕРЕМУШКИ Зерновик, в нарезке , 460г",106.99,460г,Lenta,bread,460.0,232.5869565217391,,,,
6752,"Хлеб 365 ДНЕЙ Украинский новый, 650г",27.99,650г,Lenta,bread,650.0,43.061538461538454,,,,
6753,"Хлеб белый 365 ДНЕЙ высший сорт, 380г",22.1,380г,Lenta,bread,380.0,58.15789473684211,,,,
6754,"Хлеб цельнозерновой РИЖСКИЙ ХЛЕБ заварной бездрожжевой, 300г",86.49,300г,Lenta,bread,300.0,288.3,,,,
6755,"Батон ЛЕНТА нарезной, в нарезке, 400г",46.99,400г,Lenta,bread,400.0,117.47500000000001,,,,
6756,"Хлеб ХЗ №28 Для фитнеса, в нарезке, 300г",89.47,300г,Lenta,bread,300.0,298.23333333333335,,,,
6757,"Хлеб ХЛЕБОЗАВОД №22 Дарницкий, в нарезке, половинка, 350г",42.99,350г,Lenta,bread,350.0,122.82857142857144,,,,
6758,"Хлеб КОЛОМЕНСКОЕ Дарницкий, в нарезке, половинка, 350г",61.99,350г,Lenta,bread,350.0,177.11428571428573,,,,
6759,"Батон ЧЕРЕМУШКИ с пшеничными отрубями, высший сорт, в нарезке, 350г",58.99,350г,Lenta,bread,350.0,168.54285714285717,,,,
6761,"Хлеб ХЛЕБНЫЙ ДОМ Геркулес с кукурузой, 255г",82.19,255г,Lenta,bread,255.0,322.313725490196,,,,
6762,"Батон ХЛЕБНЫЙ ДОМ Звездный, в нарезке, 350г",54.49,350г,Lenta,bread,350.0,155.68571428571428,,,,
6763,"Хлеб КОЛОМЕНСКОЕ ДАНИЛОВСКИЙ Зерновой, в нарезке, 300г",89.49,300г,Lenta,bread,300.0,298.3,,,,
6764,"Хлеб злаковый КОЛОМЕНСКОЕ Тостовый, в нарезке, 250г",82.19,250г,Lenta,bread,250.0,328.76,,,,
6768,"Хлеб пшеничный КОЛОМЕНСКОЕ Тостовый, 320г",65.49,320г,Lenta,bread,320.0,204.65624999999997,,,,
6770,"Батон ЧЕРЕМУШКИ Нарезной, высший сорт, в нарезке, 200г",47.39,200г,Lenta,bread,200.0,236.95,,,,
6771,"Хлеб ЧЕРЕМУШКИ Дар зерна, традиционный, в нарезке, 350г",91.49,350г,Lenta,bread,350.0,261.4,,,,
6773,"Хлеб ржано-пшеничный КОЛОМЕНСКОЕ ДАНИЛОВСКИЙ бездрожжевой, в нарезке, 
350г",77.99,350г,Lenta,bread,350.0,222.8285714285714,,,,
6774,"Хлеб ТЕПЛЫЙ ДАР Бородинский, в нарезке, 350г",42.19,350г,Lenta,bread,350.0,120.54285714285713,,,,
6778,"Батон ЛЕНТА половинка, в нарезке, 200г",26.99,200г,Lenta,bread,200.0,134.95,,,,
6779,"Батон НИЖЕГОРОДСКИЙ ХЛЕБ Подмосковный, высший сорт, в нарезке, 400г",35.49,400г,Lenta,bread,400.0,88.725,,,,
6780,"Батон ВЫБОР СЕМЬИ Нарезной, высший сорт, 400г",32.49,400г,Lenta,bread,400.0,81.22500000000001,,,,
6781,"Хлеб ЧЕРЕМУШКИ Гречневый, в нарезке, 300г",78.99,300г,Lenta,bread,300.0,263.29999999999995,,,,
6782,"Хлеб ЧЕРЕМУШКИ Овсяный ароматный, в нарезке, 300г",84.29,300г,Lenta,bread,300.0,280.9666666666667,,,,
9329,"Йогурт ДАНИССИМО Фантазия Хрустящие шарики в шоколаде 6,9%, без змж, 105г",75.79,105г,Lenta,yogurt,105.0,721.8095238095239,,,,
9333,"Молоко пастеризованное СЕЛО ЗЕЛЕНОЕ 3,2%, без змж, 2000г",231.59,2000г,Lenta,milk,2000.0,115.795,,,,
9334,"Йогурт ДАНИССИМО Фантазия Хрустящие шарики с ягодным вкусом 6,9%, без змж, 105г",75.79,105г,Lenta,yogurt,105.0,721.8095238095239,,,,
9340,"Молоко сгущенное ГЛАВПРОДУКТ цельное с сахаром без змж, 270г",112.99,270г,Lenta,condensed_milk,270.0,418.48148148148147,,,,
9343,"Йогурт ДАНИССИМО Фантазия Хрустящие шарики со вкусом соленой карамели 6,9%, без змж, 105г",75.79,105г,Lenta,yogurt,105.0,721.8095238095239,,,,
9348,"Йогурт ДАНИССИМО Фантазия Хрустящие шарики со вкусом манго, маракуйи 6,9%, без змж, 105г",75.79,105г,Lenta,yogurt,105.0,721.8095238095239,,,,
9349,"Молоко пастеризованное ЭКОНИВА 2,5%, без змж, 1000мл",126.39,1000мл,Lenta,milk,,,,,1000.0,126.39
9352,"Молоко пастеризованное АВИДА 3,2%, без змж, 900мл",123.99,900мл,Lenta,milk,,,,,900.0,137.76666666666665
9357,"Йогурт ДАНИССИМО Фантазия Хрустящие шарики со вкусом шоколада и клубники 6,9%, без змж, 105г",75.79,105г,Lenta,yogurt,105.0,721.8095238095239,,,,
9724,"Вода питьевая AQUA MINERALE негазированная, 2л",115.79,2L,Lenta,water,,,,,2000.0,57.895
9729,"Вода питьевая СВЯТОЙ ИСТОЧНИК негазированная, 1.5л",65.29,1.5L,Lenta,water,,,,,1500.0,43.52666666666667
9730,"Вода питьевая СВЯТОЙ ИСТОЧНИК негазированная, 0.5л",44.19,0.5L,Lenta,water,,,,,500.0,88.38
9731,"Вода минеральная EVIAN природная столовая негазированная, 1.5л",299.99,1.5L,Lenta,water,,,,,1500.0,199.99333333333334
9732,"Вода минеральная EVIAN природная столовая негазированная, 0.5л",163.19,0.5L,Lenta,water,,,,,500.0,326.38
9734,"Вода питьевая АРХЫЗ Vita природная горная негазированная, 1.5л",47.79,1.5L,Lenta,water,,,,,1500.0,31.86
9740,"Вода питьевая СЕНЕЖСКАЯ негазированная, 1.5л",44.29,1.5L,Lenta,water,,,,,1500.0,29.526666666666667
9744,"Вода питьевая 365 ДНЕЙ артезианская негазированная, 0.5л",21.05,0.5L,Lenta,water,,,,,500.0,42.1
9746,"Вода питьевая 365 ДНЕЙ артезианская негазированная, 1.5л",31.57,1.5L,Lenta,water,,,,,1500.0,21.046666666666667
9748,"Вода питьевая 365 ДНЕЙ очищенная негазированная, 5л",57.89,5L,Lenta,water,,,,,5000.0,11.578
9757,"Вода питьевая СВЯТОЙ ИСТОЧНИК негазированная, 5л",147.39,5L,Lenta,water,,,,,5000.0,29.477999999999998
9758,"Вода питьевая СВЯТОЙ ИСТОЧНИК Sport негазированная, 0.75л",59.99,0.75L,Lenta,water,,,,,750.0,79.98666666666666
9760,"Вода питьевая СЕНЕЖСКАЯ негазированная, 0.5л",26.49,0.5L,Lenta,water,,,,,500.0,52.98
9763,"Вода минеральная JEVEA Crystalnaya природная столовая негазированная, 1л",110.52,1L,Lenta,water,,,,,1000.0,110.52
9764,"Вода минеральная JEVEA Crystalnaya природная столовая негазированная, 0.5л",97.49,0.5L,Lenta,water,,,,,500.0,194.98
9766,"Вода питьевая BAIKAL430 глубинная байкальская негазированная, 0.45л",75.49,0.45L,Lenta,water,,,,,450.0,167.75555555555556
9767,"Вода питьевая СВЯТОЙ ИСТОЧНИК негазированная, 1л",57.89,1L,Lenta,water,,,,,1000.0,57.89
9769,"Вода питьевая КАЛИНОВ РОДНИК негазированная, 9л",176.49,9L,Lenta,water,,,,,9000.0,19.610000000000003
9772,"Вода питьевая детская СВЯТОЙ ИСТОЧНИК Светлячок негазированная, с 0 месяцев, 1.5л",68.49,"1,5L",Lenta,water,,,,,1500.0,45.66
9775,"Вода питьевая КАЛИНОВ РОДНИК негазированная, 6л",109.49,6L,Lenta,water,,,,,6000.0,18.24833333333333
9779,"Вода минеральная ЛЕГЕНДА ГОР АРХЫЗ природная столовая негазированная, 1.5л",62.99,1.5L,Lenta,water,,,,,1500.0,41.99333333333333
9780,"Вода питьевая СВЯТОЙ ИСТОЧНИК негазированная, 0.33л",33.69,0.33L,Lenta,water,,,,,330.0,102.09090909090908
9782,"Вода минеральная КАЛИНОВ РОДНИК негазированная, 1.5л",50.49,1.5L,Lenta,water,,,,,1500.0,33.660000000000004
9783,"Вода питьевая BONVIDA артезианская 1-й категории негазированная, 0.75л",84.29,0.75L,Lenta,water,,,,,750.0,112.38666666666667
9786,"Вода питьевая BONVIDA артезианская 1-й категории негазированная, 0.5л",36.84,0.5L,Lenta,water,,,,,500.0,73.68
9787,"Вода питьевая BONVIDA артезианская 1-й категории негазированная, 0.33л",56.89,0.33L,Lenta,water,,,,,330.0,172.3939393939394
9788,"Вода питьевая КАЛИНОВ РОДНИК для кулера негазированная, 18.9л",493.49,18.9L,Lenta,water,,,,,18900.0,26.11058201058201
9790,"Вода питьевая детская СВЯТОЙ ИСТОЧНИК Светлячок негазированная, с 0 месяцев, 330мл",44.49,330мл,Lenta,water,,,,,330.0,134.81818181818184
9791,"Вода питьевая ЛЕНТА Спорт 1-й категории негазированная, 0.5л",37.89,0.5L,Lenta,water,,,,,500.0,75.78
9794,"Вода питьевая AQUA MINERALE негазированная вода, 0.5л",72.69,0.5L,Lenta,water,,,,,500.0,145.38
9797,"Вода питьевая СЕНЕЖСКАЯ негазированная, 1л",42.99,1L,Lenta,water,,,,,1000.0,42.99
9798,"Вода питьевая детская СВЯТОЙ ИСТОЧНИК Светлячок негазированная, с 0 месяцев, 5л",152.99,5L,Lenta,water,,,,,5000.0,30.598
9802,"Вода питьевая АБРАУ-ДЮРСО 4 воды Дюр-Со артезианская негазированная, 0.75л",147.39,0.75L,Lenta,water,,,,,750.0,196.51999999999998
9803,"Вода питьевая BAIKAL430 глубинная байкальская негазированная, 0.85л",103.99,0.85L,Lenta,water,,,,,850.0,122.34117647058824
9805,"Вода минеральная КАЛИНОВ РОДНИК негазированная, 0.5л",34.73,0.5L,Lenta,water,,,,,500.0,69.46
9810,"Вода минеральная КАЛИНОВ РОДНИК Спорт негазированная, 1л",52.69,1L,Lenta,water,,,,,1000.0,52.69
9814,"Вода питьевая ЧЕРНОГОЛОВКА артезианская негазированная, 1.5л",52.69,1.5L,Lenta,water,,,,,1500.0,35.126666666666665
9815,"Вода питьевая ЧЕРНОГОЛОВКА артезианская негазированная, 0.5л",38.99,0.5L,Lenta,water,,,,,500.0,77.98
9822,"Вода питьевая BONVIDA негазированная, 1.5л",52.69,1.5L,Lenta,water,,,,,1500.0,35.126666666666665
9824,"Вода питьевая РОСИНКА Липецкая-Лайт негазированная, 1.5л",53.99,1.5L,Lenta,water,,,,,1500.0,35.99333333333333
9825,"Вода питьевая ЧЕРНОГОЛОВКА артезианская негазированная, 2.5л",97.89,2.5L,Lenta,water,,,,,2500.0,39.156000000000006
9827,"Вода питьевая BONVIDA негазированная, 10л",347.36,10L,Lenta,water,,,,,10000.0,34.736000000000004
9830,"Вода питьевая детская СВЯТОЙ ИСТОЧНИК Спортик негазированная, 0.33л",44.19,0.33L,Lenta,water,,,,,330.0,133.9090909090909
9834,"Вода питьевая детская ЧЕРНОГОЛОВКА Бэйби артезианская негазированная, с 0 месяцев, 2.5л",73.68,"2,5л",Lenta,water,,,,,2500.0,29.472
9838,"Вода питьевая LEGEND OF BAIKAL природная глубинная, негазированная, 0.5л",136.84,0.5L,Lenta,water,,,,,500.0,273.68
9851,"Вода минеральная ЛЕГЕНДА ГОР АРХЫЗ природная столовая негазированная, 0.5л",35.99,0.5L,Lenta,water,,,,,500.0,71.98
9856,"Вода питьевая BONVIDA негазированная, 19л",526.31,19L,Lenta,water,,,,,19000.0,27.70052631578947
9860,"Вода питьевая BONA AQUA негазированная, 1л",73.69,1L,Lenta,water,,,,,1000.0,73.69
9861,"Вода питьевая BONA AQUA негазированная, 0.5л",58.99,0.5L,Lenta,water,,,,,500.0,117.98
9863,"Вода питьевая BONA AQUA негазированная, 5л",139.99,5L,Lenta,water,,,,,5000.0,27.998
9869,"Вода питьевая ЧЕРНОГОЛОВКА негазированный, 0.25л",42.19,0.25L,Lenta,water,,,,,250.0,168.76
9872,"Вода минеральная ЧЕРНОГОЛОВКА негазированный, 0.33л",57.89,0.33L,Lenta,water,,,,,330.0,175.42424242424244
9879,"Вода минеральная БОРОВАЯ лечебно-столовая негазированная, 1.5л",110.59,1.5L,Lenta,water,,,,,1500.0,73.72666666666666
9881,"Вода минеральная БОРОВАЯ лечебно-столовая негазированная, 0.5л",57.89,0.5L,Lenta,water,,,,,500.0,115.78
9883,"Вода питьевая ИСТОЧНИК СТАРО-МЫТИЩИНСКИЙ негазированная, 5л",105.29,5L,Lenta,water,,,,,5000.0,21.058
9884,"Вода питьевая АДЫЛ ТАУ горная негазированная, 1.45л",68.49,1.45L,Lenta,water,,,,,1450.0,47.234482758620686
9885,"Вода питьевая АДЫЛ ТАУ горная негазированная, 0.5л",42.19,0.5L,Lenta,water,,,,,500.0,84.38
9888,"Вода питьевая ЗДОРОВАЯ ВОДА Аквароял негазированная, 1.5л",47.39,1.5L,Lenta,water,,,,,1500.0,31.593333333333334
9889,"Вода питьевая ЗДОРОВАЯ ВОДА Аквароял негазированная, 0.5л",34.79,0.5L,Lenta,water,,,,,500.0,69.58
9891,"Вода минеральная MIVELA MG++ лечебно-столовая негазированная, 1л",199.99,1L,Lenta,water,,,,,1000.0,199.99
9897,"Вода ИСТОЧНИК СТАРО-МЫТИЩ негазированная, 0.5л",32.49,0.5L,Lenta,water,,,,,500.0,64.98
9899,"Вода ИСТОЧНИК СТАРО-МЫТИЩ негазированная, 1.5л",47.99,1.5L,Lenta,water,,,,,1500.0,31.993333333333332
10231,"Сахар, 1кг",84.2,1кг,Lenta,sugar,1000.0,84.2,,,,
10232,"Сахар, 5кг",432.99,5кг,Lenta,sugar,5000.0,86.59800000000001,,,,
10233,"Сахар-песок прессованный СВ ТС 1, 1кг",89.47,1000г,Lenta,sugar,1000.0,89.47,,,,
10234,"Сахар-рафинад ЧАЙКОФСКИЙ, 500г",81.99,"0,5кг",Lenta,sugar,500.0,163.98,,,,
10235,"Соль ИЛЕЦКАЯ помол №1 высший сорт, 1кг",13.99,1кг,Lenta,salt,1000.0,13.99,,,,
10236,"Сахар-рафинад ЧАЙКОФСКИЙ, 1кг",163.15,1кг,Lenta,sugar,1000.0,163.15,,,,
10238,"Соль УСОЛЬСКАЯ Экстра, 1кг",40.49,1000г,Lenta,salt,1000.0,40.49,,,,
10240,"Соль морская ЛЕНТА поваренная пищевая садочная, экстра помол №0, высший сорт, 500г",95.99,500г,Lenta,salt,500.0,191.98,,,,
10241,"Сахар ЧАЙКОФСКИЙ, 900г",136.89,900г,Lenta,sugar,900.0,152.1,,,,
10243,"Соль морская ЛЕНТА поваренная пищевая садочная, помол №1, высший сорт, 1кг",105.26,1000г,Lenta,salt,1000.0,105.26,,,,
10246,"Сахар РУССКИЙ кусковой, 500г",105.26,500г,Lenta,sugar,500.0,210.52,,,,
10248,"Соль АДЫГЕЙСКАЯ Абадзехская, 450г",57.89,450г,Lenta,salt,450.0,128.64444444444445,,,,
10249,"Сахар тростниковый ЛЕНТА, 900г",223.49,900г,Lenta,sugar,900.0,248.32222222222222,,,,
10250,"Соль ИЛЕЦКАЯ помол №1, 1кг",29.49,1кг,Lenta,salt,1000.0,29.49,,,,
10251,"Соль АДЫГЕЙСКАЯ Бжедугская, 450г",57.89,450г,Lenta,salt,450.0,128.64444444444445,,,,
10252,"Сахар тростниковый ЦУКЕРМАН Голд кусковой, 500г",157.49,500г,Lenta,sugar,500.0,314.98,,,,
10254,"Сахар BONVIDA белый кристаллический категория ТС2, 100х5г",157.89,500г,Lenta,sugar,500.0,315.78,,,,
10255,"Сахар тростниковый BONVIDA кристаллический, 100х5г",315.79,500г,Lenta,sugar,500.0,631.58,,,,
10257,"Соль SALINA каменная помол №1, 1кг",36.99,1000г,Lenta,salt,1000.0,36.99,,,,
10258,"Сахар белый РУССКИЙ САХАР кусковой, 1кг",136.84,1кг,Lenta,sugar,1000.0,136.84,,,,
10260,"Соль пищевая Экстра, 500г",73.68,500г,Lenta,salt,500.0,147.36,,,,
10261,"Соль морская PREMIUM CLUB помол №0 высший сорт, 150г",57.89,150г,Lenta,salt,150.0,385.93333333333334,,,,
10262,"Сахар тростниковый PREMIUM CLUB кусковой, 500г",178.99,500г,Lenta,sugar,500.0,357.98,,,,
10265,"Соль ВЫБОР СЕМЬИ Экстра, 250г",52.69,250г,Lenta,salt,250.0,210.76,,,,
10269,"Сахар прессованный SUPER кусковой, колотый, 380г",157.89,380г,Lenta,sugar,380.0,415.5,,,,
10270,"Сахар ЛЕНТА белый, ГОСТ, 1кг",131.59,1000г,Lenta,sugar,1000.0,131.59,,,,
10271,"Сахар белый, кусковой, 500г",63.15,500г,Lenta,sugar,500.0,126.3,,,,
10272,"Сахар порционный ЛЕНТА Русские узоры Гжель, в конвертах, 75х5,6г",270.49,420г,Lenta,sugar,420.0,644.0238095238095,,,,
13800,"Масло подсолнечное БЛАГО рафинированное дезодорированное высший сорт, 1л",170.49,1000мл,Lenta,sunflower_oil,,,,,1000.0,170.49
13881,"Молоко пастеризованное ПРОСТОКВАШИНО 2,5%, без змж, 930мл",121.09,930мл,Lenta,milk,,,,,930.0,130.2043010752688
13886,"Молоко ультрапастеризованное для детей ТЕМА 3,2%, без змж, 200мл",47.39,200мл,Lenta,milk,,,,,200.0,236.95
13909,"Йогурт для детей РАСТИШКА Яблоко, груша 3%, без змж, 110г",42.19,110г,Lenta,yogurt,110.0,383.5454545454545,,,,
13911,"Молоко ультрапастеризованное для питания детей БОЛЬШАЯ КРУЖКА 3,2%, без змж, 200мл",42.1,200мл,Lenta,milk,,,,,200.0,210.50000000000003
13922,"Молоко пастеризованное ВМК Вологжанка 2,5%, без змж, 1000г",122.19,1000г,Lenta,milk,1000.0,122.19,,,,
13929,"Йогурт САВУШКИН Киви, крыжовник двухслойный 2%, без змж, 120г",41.09,120г,Lenta,yogurt,120.0,342.4166666666667,,,,
13931,"Молоко пастеризованное ПРОСТОКВАШИНО 1,5%, без змж, 930мл",115.79,930мл,Lenta,milk,,,,,930.0,124.50537634408603
13944,"Молоко ультрапастеризованное для питания детей PARMALAT 3,5%, без змж, 200мл",47.49,200мл,Lenta,milk,,,,,200.0,237.45000000000002
13962,"Молоко ультрапастеризованное детское ФРУТОНЯНЯ 2,5%, с 8 месяцев, без змж, 200мл",47.39,200мл,Lenta,milk,,,,,200.0,236.95
13980,"Молоко ультрапастеризованное ЛЕНТА 2,5%, без змж, 950мл",113.99,950мл,Lenta,milk,,,,,950.0,119.98947368421052
13987,"Йогурт LACTICA Греческий Натуральный 4%, без змж, 120г",65.29,120г,Lenta,yogurt,120.0,544.0833333333334,,,,
13990,"Йогурт EPICA Натуральный 6%, без змж, 130г",73.69,130г,Lenta,yogurt,130.0,566.8461538461538,,,,
13991,"Йогурт EPICA с вишней и черешней 4,8%, без змж, 130г",73.69,130г,Lenta,yogurt,130.0,566.8461538461538,,,,
13992,"Йогурт EPICA с клубникой 4,8%, без змж, 130г",73.69,130г,Lenta,yogurt,130.0,566.8461538461538,,,,
13993,"Йогурт EPICA с ананасом 4,8%, без змж, 130г",73.69,130г,Lenta,yogurt,130.0,566.8461538461538,,,,
13997,"Йогурт TEOS Греческий 2%, без змж, 140г",52.69,140г,Lenta,yogurt,140.0,376.35714285714283,,,,
13999,"Йогурт EPICA с манго и семенами чиа 5%, без змж, 130г",73.69,130г,Lenta,yogurt,130.0,566.8461538461538,,,,
14000,"Йогурт для детей РАСТИШКА Яблоко, груша с печеньем 3%, без змж, 118г",66.39,118г,Lenta,yogurt,118.0,562.6271186440678,,,,
14006,"Йогурт EPICA с персиком и маракуйей 4,8%, без змж, 130г",73.69,130г,Lenta,yogurt,130.0,566.8461538461538,,,,
14012,"Йогурт САВУШКИН Клубника 2%, без змж, 120г",38.99,120г,Lenta,yogurt,120.0,324.9166666666667,,,,
14013,"Йогурт САВУШКИН Манго 2% двухслойный, без змж, 120г",41.09,120г,Lenta,yogurt,120.0,342.4166666666667,,,,
14014,"Йогурт ЭГО Греческий 8%, без змж, 180г",50.99,180г,Lenta,yogurt,180.0,283.27777777777777,,,,
14019,"Молоко пастеризованное ИСКРЕННЕ ВАШ отборное 3,4–6%, без змж, 930г",115.78,930г,Lenta,milk,930.0,124.49462365591397,,,,
14031,"Йогурт EPICA Crispy Мюсли и сушеные ягоды 6,5%, без змж, 138г",79.99,138г,Lenta,yogurt,138.0,579.6376811594203,,,,
14035,"Йогурт ЦАРКА Манго 3,5%, без змж, 400г",86.49,400г,Lenta,yogurt,400.0,216.225,,,,
14039,"Йогурт СЕЛО ЗЕЛЕНОЕ Черешня 3,5%, без змж, 120г",45.49,120г,Lenta,yogurt,120.0,379.0833333333333,,,,
14040,"Йогурт СЕЛО ЗЕЛЕНОЕ Брусника, малина 3,5%, без змж, 120г",45.49,120г,Lenta,yogurt,120.0,379.0833333333333,,,,
14041,"Йогурт СЕЛО ЗЕЛЕНОЕ Отруби, злаки, орехи 3,5%, без змж, 120г",51.59,120г,Lenta,yogurt,120.0,429.9166666666667,,,,
14046,"Йогурт НЕЖНЫЙ Легкий с соком клубники 0,1%, без змж, 95г",19.99,95г,Lenta,yogurt,95.0,210.42105263157893,,,,
14047,"Йогурт НЕЖНЫЙ Легкий с соком персика 0,1%, без змж, 95г",20.99,95г,Lenta,yogurt,95.0,220.9473684210526,,,,
14056,"Йогурт для детей РАСТИШКА Клубника со злаковым драже в белом и молочном шоколаде 3%, без змж, 115г",66.39,115г,Lenta,yogurt,115.0,577.304347826087,,,,
14080,"Молоко пастеризованное ЭКОМИЛК отборное 3,4–4,5%, без змж, 900мл",110.52,900мл,Lenta,milk,,,,,900.0,122.8
14092,"Молоко пастеризованное МУ-У отборное 3,4–6%, без змж, 873мл",97.99,873мл,Lenta,milk,,,,,873.0,112.2451317296678
14108,"Йогурт TEOS Греческий 2%, без змж, 250г",84.29,250г,Lenta,yogurt,250.0,337.16,,,,
14115,"Йогурт КОЛОМЕНСКИЙ Черника, малина и манго 5%, без змж, 170г",92.69,170г,Lenta,yogurt,170.0,545.2352941176471,,,,
14116,"Йогурт КОЛОМЕНСКИЙ Клубника и банан 5%, без змж, 170г",92.69,170г,Lenta,yogurt,170.0,545.2352941176471,,,,
14117,"Йогурт КОЛОМЕНСКИЙ Малина и груша 5%, без змж, 170г",92.69,170г,Lenta,yogurt,170.0,545.2352941176471,,,,
14123,"Йогурт ЧУДО Десерт с печеньем черное какао и драже с молочным шоколадом в сахарной глазури 3%, без змж, 105г",90.52,105г,Lenta,yogurt,105.0,862.0952380952381,,,,
14124,"Йогурт ЧУДО Десерт с печеньем какао и драже рисовые шарики в белой шоколадной глазури и кокосовой стружке 3%, без змж, 105г",90.52,105г,Lenta,yogurt,105.0,862.0952380952381,,,,
14125,"Йогурт ДАНИССИМО Фантазия Хрустящие шарики со вкусом вишни и финика 6,9%, без змж, 105г",75.79,105г,Lenta,yogurt,105.0,721.8095238095239,,,,
14139,"Йогурт VENN'S Греческий 0,1%, без змж, 130г",73.68,130г,Lenta,yogurt,130.0,566.7692307692308,,,,
14167,"Йогурт САВУШКИН с фруктовым наполнителем персик, манго 2%, без змж, 120г",38.99,120г,Lenta,yogurt,120.0,324.9166666666667,,,,
14170,"Йогурт САВУШКИН Лесные ягоды 2%, без змж, 120г",38.99,120г,Lenta,yogurt,120.0,324.9166666666667,,,,
14182,"Молоко пастеризованное ЛЕБЕДЯНЬМОЛОКО 3,2%, без змж, 900г",99.99,900г,Lenta,milk,900.0,111.1,,,,
14184,"Йогурт КОЛОМЕНСКИЙ Питайя, манго, чиа 5%, без змж, 170г",92.69,170г,Lenta,yogurt,170.0,545.2352941176471,,,,
14185,"Йогурт КОЛОМЕНСКИЙ Манго 5%, без змж, 170г",92.69,170г,Lenta,yogurt,170.0,545.2352941176471,,,,
14186,"Йогурт КОЛОМЕНСКИЙ Земляника 5%, без змж, 170г",92.69,170г,Lenta,yogurt,170.0,545.2352941176471,,,,
14194,"Йогурт PARMALAT Comfort Персик, куркума безлактозный 3%, без змж, 130г",68.49,130г,Lenta,yogurt,130.0,526.8461538461538,,,,
14195,"Йогурт PARMALAT Comfort Натуральный безлактозный, 3,5% без змж, 130г",89.49,130г,Lenta,yogurt,130.0,688.3846153846154,,,,
14201,"Йогурт для питания детей ЭГОША с клубникой обогащенный витаминами А,D3 2,8%, 100г",28.49,100г,Lenta,yogurt,100.0,284.9,,,,
14212,"Молоко пастеризованное ЭКОМИЛК 3,2%, без змж, 955г",110.59,955г,Lenta,milk,955.0,115.80104712041884,,,,
14222,"Йогурт МОЛОЧНАЯ КУЛЬТУРА Greek Yogurt со сливой 1,6%, без змж, 130г",77.89,130г,Lenta,yogurt,130.0,599.1538461538462,,,,
14225,"Йогурт VIOLA Very Berry с вишней 2,6%, без змж, 180г",94.79,180г,Lenta,yogurt,180.0,526.6111111111111,,,,
14226,"Йогурт LAPLANDIA Сливочный с наполнителем Клубника, бисквит 7,1%, без змж, 180г",94.79,180г,Lenta,yogurt,180.0,526.6111111111111,,,,
14227,"Йогурт VIOLA Very Berry с клубникой 2,6%, без змж, 180г",94.79,180г,Lenta,yogurt,180.0,526.6111111111111,,,,
14228,"Йогурт VIOLA Классический 3,4%, без змж, 180г",105.29,180г,Lenta,yogurt,180.0,584.9444444444445,,,,
14229,"Йогурт VIOLA Very Berry с персиком 2,6%, без змж, 180г",94.79,180г,Lenta,yogurt,180.0,526.6111111111111,,,,
14230,"Йогурт LAPLANDIA Сливочный 8,5%, без змж, 260г",110.52,260г,Lenta,yogurt,260.0,425.0769230769231,,,,
14231,"Йогурт VIOLA Very Berry с манго 2,6%, без змж, 180г",94.79,180г,Lenta,yogurt,180.0,526.6111111111111,,,,
14232,"Йогурт LAPLANDIA Сливочный с малиной и сыром маскарпоне 7,2%, без змж, 180г",94.79,180г,Lenta,yogurt,180.0,526.6111111111111,,,,
14233,"Йогурт LAPLANDIA Сливочный с наполнителем ржаной хлеб, корица 7,1%, без змж, 180г",94.79,180г,Lenta,yogurt,180.0,526.6111111111111,,,,
14234,"Йогурт VIOLA Very Berry с черникой и клубникой 2,6%, без змж, 180г",94.79,180г,Lenta,yogurt,180.0,526.6111111111111,,,,
14235,"Йогурт LAPLANDIA Сливочный с наполнителем черничный маффин 7,2%, без змж, 180г",94.79,180г,Lenta,yogurt,180.0,526.6111111111111,,,,
14242,"Йогурт ЧУДО Клубника, земляника 2%, без змж, 290г",105.29,290г,Lenta,yogurt,290.0,363.0689655172414,,,,
14243,"Йогурт ЧУДО Персик, маракуя 2%, без змж, 290г",89.47,290г,Lenta,yogurt,290.0,308.51724137931035,,,,
14244,"Йогурт ЧУДО Вишня, черешня 2%, без змж, 290г",89.47,290г,Lenta,yogurt,290.0,308.51724137931035,,,,
14255,"Йогурт LAPLANDIA Сливочный с наполнителем лимонный пирог 7,1%, без змж, 180г",94.79,180г,Lenta,yogurt,180.0,526.6111111111111,,,,
14263,"Йогурт МОЛОЧНАЯ КУЛЬТУРА с голубикой и ежевикой с гранолой и изюмом 2,7–3,5%, без змж, 190г",110.59,190г,Lenta,yogurt,190.0,582.0526315789474,,,,
14264,"Йогурт МОЛОЧНАЯ КУЛЬТУРА с лесными ягодами с гранолой и изюмом 2,7–3,5%, без змж, 190г",110.59,190г,Lenta,yogurt,190.0,582.0526315789474,,,,
14265,"Йогурт МОЛОЧНАЯ КУЛЬТУРА с абрикосом, миндалем с гранолой и изюмом 2,7–3,5%, без змж, 190г",110.59,190г,Lenta,yogurt,190.0,582.0526315789474,,,,
14273,"Молоко пастеризованное ЛЕНТА 3,2%, без змж, 900мл",111.59,900мл,Lenta,milk,,,,,900.0,123.9888888888889
14274,"Молоко пастеризованное ЛЕНТА 2,5%, без змж, 900мл",99.99,900мл,Lenta,milk,,,,,900.0,111.1
14284,"Йогурт VIOLA FREE безлактозный с наполнителем Малина, черная смородина 2,7%, без змж, 180г",105.29,180г,Lenta,yogurt,180.0,584.9444444444445,,,,
14286,"Йогурт VIOLA FREE безлактозный 3,4%, без змж, 180г",94.79,180г,Lenta,yogurt,180.0,526.6111111111111,,,,
14287,"Йогурт VIOLA FREE безлактозный с наполнителем Клубника, маракуйя 2,7%, без змж, 180г",105.29,180г,Lenta,yogurt,180.0,584.9444444444445,,,,
14288,"Молоко ультрапастеризованное ИЗ ВОЛОГДЫ Вологодское 3,2% ГОСТ, без змж, 200мл",36.49,200мл,Lenta,milk,,,,,200.0,182.45
14289,"Молоко пастеризованное СЕВЕРНАЯ ДОЛИНА 2,5%, без змж, 900мл",95.99,900мл,Lenta,milk,,,,,900.0,106.65555555555555
14292,"Йогурт SOLO Шоколад и миндаль 4,2%, без змж, 130г",52.63,130г,Lenta,yogurt,130.0,404.84615384615387,,,,
14295,"Йогурт SOLO Кленовый сироп и грецкий орех 4,2%, без змж, 130г",52.63,130г,Lenta,yogurt,130.0,404.84615384615387,,,,
14298,"Молоко ультрапастеризованное BONVIDA Для капучино 3,5%, без змж, 200мл",52.69,200мл,Lenta,milk,,,,,200.0,263.45
14299,"Йогурт ПРОСТОКВАШИНО с персиком 2,9%, без змж, 110г",41.99,110г,Lenta,yogurt,110.0,381.72727272727275,,,,
14303,"Йогурт ПРОСТОКВАШИНО с вишней и черешней 2,9%, без змж, 110г",41.99,110г,Lenta,yogurt,110.0,381.72727272727275,,,,
14306,"Йогурт термостатный ПРОСТОКВАШИНО 4%, без змж, 160г",58.99,160г,Lenta,yogurt,160.0,368.6875,,,,
14307,"Йогурт ПРОСТОКВАШИНО с клубникой 2,9%, без змж, 110г",41.99,110г,Lenta,yogurt,110.0,381.72727272727275,,,,
14310,"Йогурт ФРУГУРТ Персик, маракуйя 2%, без змж, 240г",75.78,240г,Lenta,yogurt,240.0,315.75000000000006,,,,
14311,"Йогурт ФРУГУРТ Клубника, малина 2%, без змж, 240г",75.78,240г,Lenta,yogurt,240.0,315.75000000000006,,,,
14312,"Йогурт ФРУГУРТ Вишня 2%, без змж, 240г",75.78,240г,Lenta,yogurt,240.0,315.75000000000006,,,,
14324,"Йогурт САВУШКИН Клубника, земляника двухслойный 2%, без змж, 120г",41.09,120г,Lenta,yogurt,120.0,342.4166666666667,,,,
14335,"Йогурт термостатный СВЕЖЕЕ ЗАВТРА 1,5%, без змж, 125г",31.59,125г,Lenta,yogurt,125.0,252.72,,,,
14337,"Йогурт ЧУДО Клубника, земляника 2%, без змж, 130г",70.52,130г,Lenta,yogurt,130.0,542.4615384615385,,,,
14338,"Йогурт ЧУДО Вишня, черешня 2%, без змж, 130г",63.19,130г,Lenta,yogurt,130.0,486.0769230769231,,,,
14372,"Йогурт САВУШКИН Суперкид Ваниль, конфеты с топпером 2%, без змж, 103г",82.19,103г,Lenta,yogurt,103.0,797.9611650485436,,,,
14373,"Йогурт САВУШКИН Суперкид Клубника, конфеты с топпером 2%, без змж, 103г",82.19,103г,Lenta,yogurt,103.0,797.9611650485436,,,,
14403,"Йогурт МОЛОЧНАЯ КУЛЬТУРА из цельного молока Кофе, апельсин 2,7–3,5%, без змж, 130г",70.49,130г,Lenta,yogurt,130.0,542.2307692307692,,,,
14407,"Йогурт NEO Греческий 2%, без змж, 125г",79.99,125г,Lenta,yogurt,125.0,639.92,,,,
14408,"Йогурт NEO Греческий Клубника 1,7%, без змж, 125г",89.49,125г,Lenta,yogurt,125.0,715.92,,,,
14410,"Йогурт NEO Греческий Персик 1,7%, без змж, 125г",89.49,125г,Lenta,yogurt,125.0,715.92,,,,
14411,"Йогурт NEO Греческий 2%, без змж, 230г",101.05,230г,Lenta,yogurt,230.0,439.3478260869565,,,,
14413,"Молоко ультрапастеризованное для детского питания МИ-МИ-МИШКИ Крепыш 3,2%, с 8 месяцев, без змж, 206г",54.73,206г,Lenta,milk,206.0,265.6796116504854,,,,
14417,"Йогурт ПРОСТОКВАШИНО Греческий 2%, без змж, 135г",62.19,135г,Lenta,yogurt,135.0,460.6666666666667,,,,
14418,"Йогурт ПРОСТОКВАШИНО Греческий 2%, без змж, 235г",89.49,235г,Lenta,yogurt,235.0,380.80851063829783,,,,
14426,"Молоко ультрапастеризованное 365 ДНЕЙ 2,5%, без змж, 200мл",32.99,200мл,Lenta,milk,,,,,200.0,164.95000000000002
14443,"Йогурт ЧУДО Банан, клубника, манго 2%, без змж, 290г",89.47,290г,Lenta,yogurt,290.0,308.51724137931035,,,,
14447,"Йогурт ЛЕНТА FRESH Греческий Манго, маракуйя 3,4%, без змж, 125г",68.49,125г,Lenta,yogurt,125.0,547.92,,,,
14449,"Йогурт ЛЕНТА FRESH Греческий Черника двухслойный 3,4%, без змж, 125г",68.49,125г,Lenta,yogurt,125.0,547.92,,,,
14450,"Йогурт ЛЕНТА FRESH Греческий 4%, без змж, 120г",61.09,120г,Lenta,yogurt,120.0,509.0833333333333,,,,
14465,"Йогурт LAPLANDIA Сливочный со вкусом фисташки 7,1%, без змж, 180г",94.73,180г,Lenta,yogurt,180.0,526.2777777777778,,,,
14466,"Йогурт EPOS Черника 2,5%, без змж, 120г",47.39,120г,Lenta,yogurt,120.0,394.9166666666667,,,,
14472,"Йогурт VIOLA Very Berry с бананом 2,6%, без змж, 180г",94.79,180г,Lenta,yogurt,180.0,526.6111111111111,,,,
14473,"Йогурт EPOS Клубника 2,5%, без змж, 120г",47.39,120г,Lenta,yogurt,120.0,394.9166666666667,,,,
14476,"Йогурт VIOLA Free Лайм, лимон безлактозный 2,7%, без змж, 180г",105.29,180г,Lenta,yogurt,180.0,584.9444444444445,,,,
14479,"Йогурт РАСТИШКА Пломбир и драже хрустящие шарики с ягодным вкусом обогащенный 3%, без змж, 116г",63.19,116г,Lenta,yogurt,116.0,544.7413793103449,,,,
14480,"Йогурт VIOLA Very Berry с зеленым яблоком 2,6%, без змж, 180г",94.79,180г,Lenta,yogurt,180.0,526.6111111111111,,,,
14481,"Йогурт EPOS Персик 2,5%, без змж, 120г",47.39,120г,Lenta,yogurt,120.0,394.9166666666667,,,,
14485,"Йогурт VIOLA Very Berry с тропическими фруктами 2,6%, без змж, 180г",94.79,180г,Lenta,yogurt,180.0,526.6111111111111,,,,
14486,"Йогурт EPOS Вишня 2,5%, без змж, 120г",47.39,120г,Lenta,yogurt,120.0,394.9166666666667,,,,
14490,"Йогурт VIOLA Free Малина, инжир безлактозный 2,7%, без змж, 180г",105.29,180г,Lenta,yogurt,180.0,584.9444444444445,,,,
14491,"Йогурт VIOLA Free Абрикос, персик безлактозный 2,7%, без змж, 180г",105.29,180г,Lenta,yogurt,180.0,584.9444444444445,,,,
14493,"Йогурт РАСТИШКА Пломбир и печеньем с шоколадом и с какао обогащенный 3%, без змж, 116г",63.19,116г,Lenta,yogurt,116.0,544.7413793103449,,,,
14498,"Молоко пастеризованное ВЫБОР СЕМЬИ 1,5%, без змж, 900мл",63.19,900мл,Lenta,milk,,,,,900.0,70.21111111111111
14499,"Йогурт ЛЕНТА FRESH Греческий Яблоко, банан 3,4%, без змж, 125г",68.49,125г,Lenta,yogurt,125.0,547.92,,,,
14524,"Йогурт АКТИБИО с манго 3%, без змж, 220г",78.99,220г,Lenta,yogurt,220.0,359.0454545454545,,,,
14525,"Йогурт термостатный ПРОСТОКВАШИНО с черникой 3,4%, без змж, 160г",55.79,160г,Lenta,yogurt,160.0,348.6875,,,,
14526,"Йогурт термостатный ПРОСТОКВАШИНО с персиком 3,4%, без змж, 160г",55.79,160г,Lenta,yogurt,160.0,348.6875,,,,
14537,"Молоко ультрапастеризованное ВЫБОР СЕМЬИ 3,2%, без змж, 1000г",102.19,1000г,Lenta,milk,1000.0,102.19,,,,
14538,"Молоко ультрапастеризованное ВЫБОР СЕМЬИ 2,5%, без змж, 1000г",94.79,1000г,Lenta,milk,1000.0,94.79,,,,
14539,"Молоко ультрапастеризованное ВЫБОР СЕМЬИ 1,5%, без змж, 1000г",91.59,1000г,Lenta,milk,1000.0,91.59,,,,
14550,"Молоко ультрапастеризованное ИЗ ВОЛОГДЫ 2,5%, без змж, 1000мл",110.59,1000мл,Lenta,milk,,,,,1000.0,110.59
14551,"Молоко ультрапастеризованное ВОЛОГЖАНКА 2,5%, без змж, 1000мл",99.99,1000мл,Lenta,milk,,,,,1000.0,99.99
15432,"Хлеб злаковый безглютеновый DR.SСHAER Pan Rustico, 250г",460.99,250г,Lenta,bread,250.0,1843.96,,,,
15433,"Хлеб безглютеновый DR.SСHAER Pan Blanco белый, 250г",380.99,250г,Lenta,bread,250.0,1523.96,,,,
15594,"Масло подсолнечное ОЛЕЙНА рафинированное дезодорированное 1-й сорт, 1л",171.99,1000мл,Lenta,sunflower_oil,,,,,1000.0,171.99
15598,"Масло подсолнечное СЛОБОДА рафинированное дезодорированное вымороженное высший сорт, 1000мл",189.49,1000мл,Lenta,sunflower_oil,,,,,1000.0,189.49
15599,"Масло подсолнечное СЛОБОДА рафинированное высший сорт, 1800мл",245.99,1800мл,Lenta,sunflower_oil,,,,,1800.0,136.66111111111113
15609,"Масло подсолнечное СЛОБОДА нерафинированное 1-й сорт, 1000мл",223.49,1000мл,Lenta,sunflower_oil,,,,,1000.0,223.49
15619,"Масло подсолнечное СЛОБОДА рафинированное дезодорированное вымороженное высший сорт, 2.7л",361.49,"2,7л",Lenta,sunflower_oil,,,,,2700.0,133.88518518518518
15623,"Масло подсолнечное для жарки и фритюра СЛОБОДА рафинированное дезодорированное высший сорт, 1000мл",163.15,1000мл,Lenta,sunflower_oil,,,,,1000.0,163.15
15624,"Масло подсолнечное БЛАГО рафинированное дезодорированное высший сорт, 5л",821.09,5000мл,Lenta,sunflower_oil,,,,,5000.0,164.218
15625,"Масло подсолнечное БЛАГО рафинированное дезодорированное высший сорт, 1,8л",289.49,1800мл,Lenta,sunflower_oil,,,,,1800.0,160.82777777777778
15626,"Масло подсолнечное БЛАГО нерафинированное высший сорт, 650мл",126.31,650мл,Lenta,sunflower_oil,,,,,650.0,194.32307692307694
15646,"Масло фритюрное подсолнечное БЛАГО Pro рафинированное дезодорированное, 5л",739.49,5л,Lenta,sunflower_oil,,,,,5000.0,147.898
15647,"Масло подсолнечное ДОМАШНЕЕ рафинированное дезодорированное, высший сорт, 500мл",94.79,500мл,Lenta,sunflower_oil,,,,,500.0,189.58
15670,"Масло подсолнечное 365 ДНЕЙ рафинированное дезодорированное, 800мл",97.99,800мл,Lenta,sunflower_oil,,,,,800.0,122.4875
15676,"Масло подсолнечное САРАТОВСКОЕ рафинированное дезодорированное, 800мл",97.99,800мл,Lenta,sunflower_oil,,,,,800.0,122.4875
15692,"Масло подсолнечное ДОМАШНЕЕ нерафинированное, 1л",180.99,1л,Lenta,sunflower_oil,,,,,1000.0,180.99
15693,"Масло подсолнечное ДОМАШНЕЕ рафинированное дезодорированное, 1л",180.99,1л,Lenta,sunflower_oil,,,,,1000.0,180.99
15694,"Масло подсолнечное ДАРЫ ПОВОЛЖЬЯ рафинированное дезодорированное, 4,8л",557.49,"4,8л",Lenta,sunflower_oil,,,,,4800.0,116.14375
15695,"Масло подсолнечное ДОМАШНЕЕ нерафинированное, 500мл",94.73,"0,5л",Lenta,sunflower_oil,,,,,500.0,189.46
15696,"Масло подсолнечное ДОМАШНЕЕ рафинированное дезодорированное, 5л",749.99,5л,Lenta,sunflower_oil,,,,,5000.0,149.998
20005,"Филе куриной грудки НАША ПТИЧКА малое, 450г",233.99,450г,Lenta,chicken_fillet,450.0,519.9777777777778,,,,
22290,"Молоко пастеризованное BONVIDA 2,5%, без змж, 1400мл",163.19,1400мл,Lenta,milk,,,,,1400.0,116.56428571428572
22293,"Молоко ультрапастеризованное BONVIDA Для капучино 3,2%, без змж, 925мл",125.49,925мл,Lenta,milk,,,,,925.0,135.66486486486488
22296,"Молоко пастеризованное BONVIDA 3,2%, без змж, 1400мл",178.99,1400мл,Lenta,milk,,,,,1400.0,127.85000000000002
22307,"Яйцо куриное ЛЕНТА С1, 30шт",356.99,30шт,Lenta,egg,,,30.0,11.899666666666667,,
22308,"Яйцо куриное ЛЕНТА С1, 10шт",115.79,10шт,Lenta,egg,,,10.0,11.579,,
22922,Чай зеленый АЗЕРЧАЙ букет крупнолист к/уп,406.31,200г,Lenta,green_tea,200.0,2031.5500000000002,,,,
25789,"Молоко сгущенное ЛЕНТА цельное с сахаром 8,5% без змж, 380г",150.49,380г,Lenta,condensed_milk,380.0,396.0263157894737,,,,
25841,"Чай зеленый ЛЕНТА Молочный улун китайский байховый, 100пак",263.19,100пак,Lenta,green_tea,,,100.0,2.6319,,
25842,"Чай зеленый ЛЕНТА с мелиссой байховый, 100пак",263.19,100пак,Lenta,green_tea,,,100.0,2.6319,,
25866,"Молоко стерилизованное ЛЕНТА концентрированное 8,5% без змж, 310г",128.99,310г,Lenta,milk,310.0,416.0967741935484,,,,
25868,"Чай черный BONVIDA Английский Завтрак для заваривания в 
чайнике, 20пак",371.49,20пак,Lenta,black_tea,,,20.0,18.5745,,
25884,"Чай зеленый DOLCE ALBERO Young Hyson, листовой, 100г",178.94,100г,Lenta,green_tea,100.0,1789.3999999999999,,,,
25885,"Чай зеленый DOLCE ALBERO Young Hyson листовой, 500г",789.49,500г,Lenta,green_tea,500.0,1578.98,,,,
25887,"Молоко сгущенное ЛЕНТА без змж, 270г",126.31,270г,Lenta,condensed_milk,270.0,467.81481481481484,,,,
25928,"Молоко сгущенное ЛЕНТА цельное с сахаром 8,5% без змж, 400г",182.49,400г,Lenta,condensed_milk,400.0,456.225,,,,
25939,"Молоко сгущенное BONVIDA цельное с сахаром 8,5% без змж, 950г",407.49,950г,Lenta,condensed_milk,950.0,428.93684210526317,,,,
26017,"Чай зеленый ЛЕНТА PREMIUM Сенча, 400г",460.99,400г,Lenta,green_tea,400.0,1152.475,,,,
26055,"Лапша бобовая ЛЕНТА Фунчоза, 200г",147.39,200г,Lenta,rice_noodles,200.0,736.9499999999999,,,,
26152,"Молоко сгущенное ЛЕНТА с сахаром, 100г",73.69,100г,Lenta,condensed_milk,100.0,736.9,,,,
26243,"Молоко сгущенное ЛЕНТА 8,5%, без змж, 650г",289.49,650г,Lenta,condensed_milk,650.0,445.3692307692308,,,,
30482,"Молоко стерилизованное для детского питания КРЕПЫШ 3,2%, без змж, 200мл",73.68,200мл,Lenta,milk,,,,,200.0,368.40000000000003
30487,"Молоко ультрапастеризованное детское АГУША 3,2%, с 3 лет, без змж, 950г",168.42,950г,Lenta,milk,950.0,177.28421052631577,,,,
31266,"Чай зеленый 365 ДНЕЙ листовой, 50г",36.84,50г,Lenta,green_tea,50.0,736.8000000000001,,,,
31267,"Чай зеленый 365 ДНЕЙ листовой, 100г",63.15,100г,Lenta,green_tea,100.0,631.5,,,,
31296,"Чай зеленый ВЫБОР СЕМЬИ крупнолистовой, 100г",89.49,100г,Lenta,green_tea,100.0,894.8999999999999,,,,
36933,"Хлеб ржано-пшеничный подовый РИЖСКИЙ ХЛЕБ Крестьянский, бездрожжевой, 300г",59.99,300г,Lenta,bread,300.0,199.96666666666667,,,,
36952,"Хлеб ржано-пшеничный подовый РИЖСКИЙ ХЛЕБ Ароматный, по старым рецептам, заварной бездрожжевой, 300г",73.49,300г,Lenta,bread,300.0,244.96666666666664,,,,
36963,"Хлеб ржано-пшеничный формовой РИЖСКИЙ ХЛЕБ Бородинский, бездрожжевой, 300г",92.63,300г,Lenta,bread,300.0,308.76666666666665,,,,
37320,"Вермишель SEN SOY Premium Фунчоза, 200г",204.99,200г,Lenta,rice_noodles,200.0,1024.95,,,,
37339,"Рис для суши SEN SOY Premium высший сорт, 1000г",421.09,1000г,Lenta,rice,1000.0,421.09,,,,
37341,"Лапша рисовая SEN SOY Premium Fo-Kho, 200г",168.42,200г,Lenta,rice_noodles,200.0,842.0999999999999,,,,
37342,"Вермишель рисовая SEN SOY Premium Hu-Teu, 200г",157.89,200г,Lenta,rice_noodles,200.0,789.4499999999999,,,,
37348,"Вермишель ЧИМ-ЧИМ Фунчоза бобовая, 100г",131.59,100г,Lenta,rice_noodles,100.0,1315.9,,,,
37358,"Лапша рисовая AROY-D 10мм, 454г",289.49,454г,Lenta,rice_noodles,454.0,637.6431718061675,,,,
37362,"Вермишель SANBONSAI Фунчоза бобовая, короткая, 200г",210.59,200г,Lenta,rice_noodles,200.0,1052.95,,,,
37366,"Лапша рисовая PAN-ASIAN, 250г",168.49,250г,Lenta,rice_noodles,250.0,673.96,,,,
37367,"Лапша PAN-ASIAN Фунчоза стеклянная, 100г",105.26,100г,Lenta,rice_noodles,100.0,1052.6,,,,
37368,"Лапша из зеленых бобов SEN SOY PREMIUM Фунчоза, 180г",263.19,180г,Lenta,rice_noodles,180.0,1462.1666666666665,,,,
37372,"Вермишель из черного риса MIDORI, 250г",199.99,250г,Lenta,rice_noodles,250.0,799.96,,,,
37414,"Вермишель рисовая PAN-ASIAN, 200г",147.39,200г,Lenta,rice_noodles,200.0,736.9499999999999,,,,
39760,"Молоко сгущенное РОГАЧЕВЪ цельное с сахаром 8,5%, без змж, 380г",157.49,380г,Lenta,condensed_milk,380.0,414.44736842105266,,,,
39763,"Молоко сгущенное ГЛАВПРОДУКТ цельное с сахаром без змж ГОСТ, 380г",173.49,380г,Lenta,condensed_milk,380.0,456.5526315789474,,,,
39764,"Молоко сгущенное ГЛАВПРОДУКТ цельное с сахаром Экстра 8,5% без змж ГОСТ, 380г",189.99,380г,Lenta,condensed_milk,380.0,499.97368421052636,,,,
39765,"Молоко сгущенное ЛЮБИМАЯ КЛАССИКА цельное с сахаром 8,5% без змж, 380г",162.49,380г,Lenta,condensed_milk,380.0,427.60526315789474,,,,
39775,"Молоко сгущенное СЕМЕЙНЫЙ БЮДЖЕТ Славянское с сахаром обезжиренное без змж, 360г",108.49,360г,Lenta,condensed_milk,360.0,301.3611111111111,,,,
39776,"Молоко стерилизованное концентрированное РОГАЧЕВЪ цельное 8,6%, без змж, 300г",144.99,300г,Lenta,milk,300.0,483.3,,,,
39780,"Молоко сгущенное МОЛОЧНАЯ СТРАНА цельное без сахара, 8%, ГОСТ, 300г",101.99,300г,Lenta,condensed_milk,300.0,339.96666666666664,,,,
39783,"Молоко сгущенное РОГАЧЕВ цельное с сахаром 8,5%, без змж, 270г",146.49,270г,Lenta,condensed_milk,270.0,542.5555555555555,,,,
39784,"Молоко сгущенное БАТЬКИН РЕЗЕРВ цельное с сахаром 8,5%, без змж, ГОСТ, 270г",171.99,270г,Lenta,condensed_milk,270.0,637.0,,,,
39785,"Молоко сгущенное ГЛАВПРОДУКТ Экстра цельное с сахаром, без змж, ГОСТ, 270г",150.49,270г,Lenta,condensed_milk,270.0,557.3703703703704,,,,
39787,"Молоко сгущенное БЕЛОГОРЬЕ с сахаром 8,5%, без змж, 350г",118.49,350г,Lenta,condensed_milk,350.0,338.54285714285714,,,,
39789,"Молоко сгущенное ГЛАВПРОДУКТ цельное с сахаром 8,5%, без змж, 600г",254.49,600г,Lenta,condensed_milk,600.0,424.15000000000003,,,,
43873,"Молоко ультрапастеризованное PARMALAT Edge 3,5%, без змж, 1000мл",163.15,1000мл,Lenta,milk,,,,,1000.0,163.15
43874,"Молоко ультрапастеризованное PARMALAT Edge 1,8%, без змж, 1000мл",150.49,1000мл,Lenta,milk,,,,,1000.0,150.49
43875,"Молоко ультрапастеризованное PARMALAT 0,5%, без змж, 1000мл",124.99,1000мл,Lenta,milk,,,,,1000.0,124.99
43880,"Молоко ультрапастеризованное ПРОСТОКВАШИНО 2,5%, без змж, 950мл",138.99,950мл,Lenta,milk,,,,,950.0,146.30526315789476
43883,"Молоко ультрапастеризованное БОЛЬШАЯ КРУЖКА 2,5%, без змж, 1980г",294.79,1980г,Lenta,milk,1980.0,148.8838383838384,,,,
43884,"Молоко ультрапастеризованное БОЛЬШАЯ КРУЖКА 3,2%, без змж, 1980г",284.29,1980г,Lenta,milk,1980.0,143.58080808080808,,,,
43885,"Молоко ультрапастеризованное БОЛЬШАЯ КРУЖКА 2,5%, без змж, 980г",124.29,980г,Lenta,milk,980.0,126.82653061224491,,,,
43886,"Молоко ультрапастеризованное БОЛЬШАЯ КРУЖКА 3,2%, без змж, 980г",137.49,980г,Lenta,milk,980.0,140.29591836734696,,,,
43887,"Молоко стерилизованное ДОМИК В ДЕРЕВНЕ 1,5%, без змж, 950г",157.89,950г,Lenta,milk,950.0,166.2,,,,
43888,"Молоко ультрапастеризованное ДОМИК В ДЕРЕВНЕ 3,2%, без змж, 950г",168.42,950г,Lenta,milk,950.0,177.28421052631577,,,,
43890,"Молоко стерилизованное МОЖАЙСКОЕ 3,2%, без змж, 450мл",86.49,450мл,Lenta,milk,,,,,450.0,192.2
43891,"Молоко стерилизованное МОЖАЙСКОЕ 6%, без змж, 450мл",92.49,450мл,Lenta,milk,,,,,450.0,205.53333333333333
43892,"Молоко пастеризованное ДОМИК В ДЕРЕВНЕ Деревенское отборное цельное  3,4–4,5%, без змж, 930мл",147.36,930мл,Lenta,milk,,,,,930.0,158.45161290322582
43897,"Молоко ультрапастеризованное СЕВЕРНАЯ ДОЛИНА 3,2%, без змж, 950г",122.19,950г,Lenta,milk,950.0,128.62105263157895,,,,
43898,"Молоко ультрапастеризованное СЕВЕРНАЯ ДОЛИНА 2,5%, без змж, 950г",115.79,950г,Lenta,milk,950.0,121.88421052631578,,,,
43901,"Молоко пастеризованное РУЗСКИЙ Рузское цельное 3,2–4%, без змж, 1000г",157.49,1000г,Lenta,milk,1000.0,157.49,,,,
43906,"Молоко ультрапастеризованное ДОМИК В ДЕРЕВНЕ 2,5%, без змж, 950г",136.84,950г,Lenta,milk,950.0,144.04210526315788,,,,
43907,"Молоко пастеризованное ПРАВИЛЬНОЕ МОЛОКО 2,5%, без змж, 2000мл",231.59,2000мл,Lenta,milk,,,,,2000.0,115.795
43908,"Молоко ультрапастеризованное 365 ДНЕЙ 2,5%, без змж, 900мл",82.99,900мл,Lenta,milk,,,,,900.0,92.21111111111111
43909,"Молоко пастеризованное ДОМИК В ДЕРЕВНЕ Деревенское отборное 3,4–4,5%,  без змж, 1400мл",231.57,1400мл,Lenta,milk,,,,,1400.0,165.40714285714287
43910,"Молоко пастеризованное ЭГО 3,2%, без змж, 1750г",221.09,1750г,Lenta,milk,1750.0,126.33714285714287,,,,
43914,"Молоко пастеризованное ПРАВИЛЬНОЕ МОЛОКО 3,2–4%, без змж, 926г",126.39,926г,Lenta,milk,926.0,136.4902807775378,,,,
43915,"Молоко пастеризованное ПРАВИЛЬНОЕ МОЛОКО 3,2–4%, без змж, 2000мл",252.69,2000мл,Lenta,milk,,,,,2000.0,126.34499999999998
43922,"Молоко пастеризованное АСЕНЬЕВСКАЯ ФЕРМА 3,4–6%, без змж, 900мл",120.49,900мл,Lenta,milk,,,,,900.0,133.87777777777777
43924,"Молоко ультрапастеризованное СЕЛО ЗЕЛЕНОЕ 2,5%, без змж, 950мл",131.59,950мл,Lenta,milk,,,,,950.0,138.5157894736842
43925,"Молоко ультрапастеризованное СЕЛО ЗЕЛЕНОЕ 3,2%, без змж, 950мл",136.89,950мл,Lenta,milk,,,,,950.0,144.09473684210525
43929,"Молоко ультрапастеризованное БМК 2,5%, без змж, 975мл",97.99,975мл,Lenta,milk,,,,,975.0,100.5025641025641
43931,"Молоко ультрапастеризованное ЭКОНИВА 2,5%, без змж, 1000мл",126.39,1000мл,Lenta,milk,,,,,1000.0,126.39
43932,"Молоко ультрапастеризованное ЭКОНИВА 3,2%, без змж, 1000мл",131.59,1000мл,Lenta,milk,,,,,1000.0,131.59
43933,"Молоко пастеризованное ЭКОНИВА цельное 3,3–6%, без змж, 1000мл",131.59,1000мл,Lenta,milk,,,,,1000.0,131.59
43939,"Молоко ультрапастеризованное МУ-У 1,5%, без змж, 925мл",94.73,925мл,Lenta,milk,,,,,925.0,102.41081081081082
43940,"Молоко ультрапастеризованное МУ-У 3,2%, без змж, 925мл",104.99,925мл,Lenta,milk,,,,,925.0,113.50270270270269
43944,"Молоко ультрапастеризованное МОЛОЧНАЯ РЕЧКА 2,5%, без змж, 1000г",130.49,1000г,Lenta,milk,1000.0,130.49,,,,
43945,"Молоко ультрапастеризованное МОЛОЧНАЯ РЕЧКА 3,2%, без змж, 1000г",140.99,1000г,Lenta,milk,1000.0,140.99,,,,
43949,"Молоко пастеризованное МАРУСЯ отборное 3,5–4,5%, без змж, 930мл",116.89,930мл,Lenta,milk,,,,,930.0,125.68817204301075
43950,"Молоко ультрапастеризованное СЕВЕРНОЕ МОЛОКО Вологодское 3,2%, без змж, 1000г",119.49,1000г,Lenta,milk,1000.0,119.49,,,,
43954,"Молоко ультрапастеризованное ДОМИК В ДЕРЕВНЕ Для капучино 3,2%, без змж, 950г",178.94,950г,Lenta,milk,950.0,188.35789473684213,,,,
43957,"Молоко VIOLA UHT 3,2%, без змж, 1000г",189.47,1000г,Lenta,milk,1000.0,189.47,,,,
43958,"Молоко VIOLA UHT 1,5%, без змж, 1000г",168.42,1000г,Lenta,milk,1000.0,168.42,,,,
43959,"Молоко VIOLA UHT обезжиренное, 1000г",168.49,1000г,Lenta,milk,1000.0,168.49,,,,
43970,"Молоко пастеризованное ПРОСТОКВАШИНО 3,2%, без змж, 1400мл",157.89,1400мл,Lenta,milk,,,,,1400.0,112.77857142857142
43971,"Молоко ультрапастеризованное 365 ДНЕЙ 3,2%, без змж, 925мл",77.89,925мл,Lenta,milk,,,,,925.0,84.2054054054054
43972,"Молоко ультрапастеризованное 365 ДНЕЙ 1,5%, без змж, 925мл",59.99,925мл,Lenta,milk,,,,,925.0,64.85405405405406
43973,"Молоко ультрапастеризованное 365 ДНЕЙ 2,5%, без змж, 925мл",72.69,925мл,Lenta,milk,,,,,925.0,78.58378378378377
43979,"Молоко ультрапастеризованное ЭКОНИВА Prof.Line 3,2%, без змж, 1000мл",134.79,1000мл,Lenta,milk,,,,,1000.0,134.79
43980,"Молоко ультрапастеризованное ЭКОНИВА Prof.Line 2,5%, без змж, 1000мл",134.79,1000мл,Lenta,milk,,,,,1000.0,134.79
43982,"Молоко пастеризованное БЕЖИН ЛУГ 2,5%, без змж, 1400г",164.29,1400г,Lenta,milk,1400.0,117.35,,,,
43983,"Молоко пастеризованное СЕВЕРНАЯ ДОЛИНА 3,2%, без змж, 900мл",98.99,900мл,Lenta,milk,,,,,900.0,109.98888888888888
43994,"Молоко пастеризованное НАШЕЙ ДОЙКИ 3,4–6%, без змж, 900мл",127.39,900мл,Lenta,milk,,,,,900.0,141.54444444444445
44012,"Молоко ультрапастеризованное ВОЛОГЖАНКА 3,2%, без змж, 1000мл",105.29,1000мл,Lenta,milk,,,,,1000.0,105.29
48120,"Йогурт ЦАРКА Черника 3,5%, без змж, 400г",86.49,400г,Lenta,yogurt,400.0,216.225,,,,
48145,"Йогурт G-BALANCE Греческий 0,7%, без змж, 170г",125.99,170г,Lenta,yogurt,170.0,741.1176470588235,,,,
48146,"Йогурт G-BALANCE Греческий 4%, без змж, 170г",107.49,170г,Lenta,yogurt,170.0,632.2941176470588,,,,
48147,"Йогурт LACTICA Греческий Натуральный 4%, без змж, 190г",122.49,190г,Lenta,yogurt,190.0,644.6842105263157,,,,
48148,"Йогурт LACTICA Греческий с малиной 3% двухслойный, без змж, 190г",131.57,190г,Lenta,yogurt,190.0,692.4736842105262,,,,
48160,"Йогурт ЦАРКА Земляника 3,5%, без змж, 400г",86.39,400г,Lenta,yogurt,400.0,215.975,,,,
49271,"Яйцо куриное РОСКАР Экстра СО столовое, 10шт",147.39,10шт,Lenta,egg,,,10.0,14.738999999999999,,
49272,"Яйцо куриное РОСКАР Экстра СО столовое, 15шт",215.49,15шт,Lenta,egg,,,15.0,14.366000000000001,,
49273,"Яйцо куриное 365 ДНЕЙ С1, 30шт",283.19,30шт,Lenta,egg,,,30.0,9.439666666666666,,
49274,"Яйцо куриное 365 ДНЕЙ СО, 30шт",389.49,30шт,Lenta,egg,,,30.0,12.983,,
49275,"Яйцо куриное 365 ДНЕЙ С1, 10шт",94.79,10шт,Lenta,egg,,,10.0,9.479000000000001,,
49276,"Яйцо куриное 365 ДНЕЙ С2, 30шт",229.49,30шт,Lenta,egg,,,30.0,7.649666666666667,,
49277,"Яйцо куриное СМЕТАНИНО С1, 30шт",410.59,30шт,Lenta,egg,,,30.0,13.686333333333332,,
49279,"Яйцо куриное СМЕТАНИНО СО, 20шт",346.39,20шт,Lenta,egg,,,20.0,17.319499999999998,,
49280,"Яйцо куриное СМЕТАНИНО С1, 10шт",150.59,10шт,Lenta,egg,,,10.0,15.059000000000001,,
49281,"Яйцо куриное СМЕТАНИНО СО, 10шт",136.89,10шт,Lenta,egg,,,10.0,13.688999999999998,,
49283,"Яйцо куриное ВОЛЖАНИН СО, 10шт",135.49,10шт,Lenta,egg,,,10.0,13.549000000000001,,
49284,"Яйцо куриное 365 ДНЕЙ С2, 10шт",76.89,10шт,Lenta,egg,,,10.0,7.689,,
49285,"Яйцо куриное ВОЛЖАНИН Волжское утро СО, 20шт",284.29,20шт,Lenta,egg,,,20.0,14.214500000000001,,
49286,"Яйцо куриное ВОЛЖАНИН С1, 30шт",355.99,30шт,Lenta,egg,,,30.0,11.866333333333333,,
49287,"Яйцо куриное ВАРАКСИНО деревенское СО, 10шт",196.49,10шт,Lenta,egg,,,10.0,19.649,,
49288,"Яйцо куриное СИНЯВИНСКОЕ С1 столовое, 20шт",226.39,20шт,Lenta,egg,,,20.0,11.3195,,
49289,"Яйцо куриное РОСКАР Счастливая курица С1, 20шт",294.79,20шт,Lenta,egg,,,20.0,14.739500000000001,,
49291,"Яйцо куриное ВОЛЖАНИН СВ, 10шт",178.49,10шт,Lenta,egg,,,10.0,17.849,,
49292,"Яйцо куриное ПФ ФЕДОРОВСКАЯ Свободный Выгул СО столовое, 9шт",209.99,9шт,Lenta,egg,,,9.0,23.332222222222224,,
49293,"Яйцо куриное СМЕТАНИНО С1 столовое мытое, 20шт",305.29,20шт,Lenta,egg,,,20.0,15.264500000000002,,
49294,"Яйцо куриное ПРАКСИС С1, 20шт",287.99,20шт,Lenta,egg,,,20.0,14.3995,,
49296,"Яйцо куриное ВОЛЖАНИН СО, 6шт",91.49,6шт,Lenta,egg,,,6.0,15.248333333333333,,
49298,"Яйцо куриное ВОЛЖАНИН С1, 10шт",135.49,10шт,Lenta,egg,,,10.0,13.549000000000001,,
49299,"Яйцо куриное ВОЛЖАНИН С1, 20шт",262.49,20шт,Lenta,egg,,,20.0,13.124500000000001,,
49300,"Яйцо куриное СИНЯВИНСКОЕ деревенское СО, 10шт",152.49,10шт,Lenta,egg,,,10.0,15.249,,
49301,"Яйцо куриное 365 ДНЕЙ СО, 10шт",129.49,10шт,Lenta,egg,,,10.0,12.949000000000002,,
49302,"Яйцо куриное ЛЕНТА FRESH Селен, йод С1, 10шт",124.49,10шт,Lenta,egg,,,10.0,12.449,,
49304,"Яйцо куриное ЛЕНТА FRESH Яркий желток СО, 20шт",292.49,20шт,Lenta,egg,,,20.0,14.624500000000001,,
49306,"Яйцо куриное ЛЕНТА FRESH Яркий желток СО, 10шт",136.89,10шт,Lenta,egg,,,10.0,13.688999999999998,,
49307,"Яйцо куриное ЛЕНТА FRESH Селен, йод С1, 20шт",252.69,20шт,Lenta,egg,,,20.0,12.6345,,
49308,"Яйцо куриное NN С1, 10шт",117.49,10шт,Lenta,egg,,,10.0,11.748999999999999,,
49309,"Яйцо куриное NN С1, 20шт",244.99,20шт,Lenta,egg,,,20.0,12.249500000000001,,
49310,"Яйцо куриное ВАУ МЯУ! Омега-3 СО, 6шт",81.49,6шт,Lenta,egg,,,6.0,13.581666666666665,,
49311,"Яйцо куриное ЛЕНТА FRESH XXL СВ, 10шт",146.49,10шт,Lenta,egg,,,10.0,14.649000000000001,,
49312,"Яйцо куриное ЛЕНТА FRESH С2, 10шт",97.99,10шт,Lenta,egg,,,10.0,9.799,,
49313,"Яйцо куриное ПРАКСИС С1, 10шт",141.09,10шт,Lenta,egg,,,10.0,14.109,,
49316,"Яйцо куриное СЕЛО ЗЕЛЁНОЕ Деревенское СО, 15шт",243.99,15шт,Lenta,egg,,,15.0,16.266000000000002,,
49317,"Яйцо куриное ЛЕНТА СО, 15шт",205.99,15шт,Lenta,egg,,,15.0,13.732666666666667,,
