,name,price,uom,product_type,supermarket,weight,price_kg,number_of_units,price_unit,volume,price_lit
0,Багет традиционный 230г,45.99,230 г,bread,Pyaterochka,230.0,199.95652173913044,,,,
1,Багет Фитнес 200г,49.99,200 г,bread,Pyaterochka,200.0,249.95000000000002,,,,
2,Багет мини 120г,25.99,120 г,bread,Pyaterochka,120.0,216.58333333333331,,,,
3,Хлеб Маг с семечками 390г,75.99,390 г,bread,Pyaterochka,390.0,194.84615384615384,,,,
4,Огурцы среднеплодные,175.99,Цена за 1 кг,cucumber,Pyaterochka,1000.0,175.99,,,,
5,Томаты,203.99,Цена за 1 кг,tomato,Pyaterochka,1000.0,203.99,,,,
6,Капуста белокочанная,39.99,Цена за 1 кг,cabbage,Pyaterochka,1000.0,39.99,,,,
7,Лук репчатый,59.99,Цена за 1 кг,onion,Pyaterochka,1000.0,59.99,,,,
8,Огурцы короткоплодные 450г,259.99,450 г,cucumber,Pyaterochka,450.0,577.7555555555556,,,,
9,Огурец Global Village Агромос длинный 1шт.,118.99,1 шт,cucumber,Pyaterochka,220.0,540.8636363636364,,,,
10,Томаты Фламенко сливовидные красные 450г,239.99,450 г,tomato,Pyaterochka,450.0,533.3111111111111,,,,
11,Лук-репка Выгодно в сетке,48.49,Цена за 1 кг,onion,Pyaterochka,1000.0,48.49,,,,
12,Огурец Global Village среднеплодный гладкий 600г,267.99,600 г,cucumber,Pyaterochka,600.0,446.65,,,,
13,Томаты Фламенко сливовидные,499.99,Цена за 1 кг,tomato,Pyaterochka,1000.0,499.99,,,,
14,Морковь мытая упаковка 1кг,102.99,1 кг,carrot,Pyaterochka,1000.0,102.99,,,,
15,Томаты Медовые черри красные круглые 200г,299.99,200 г,tomato,Pyaterochka,200.0,1499.95,,,,
16,Огурцы Global Village корнишоны премиум 300г,289.99,300 г,cucumber,Pyaterochka,300.0,966.6333333333333,,,,
17,Томаты Черри на ветке 250г,237.99,250 г,tomato,Pyaterochka,250.0,951.96,,,,
18,Томаты Рост Медовые Черри оранжевые круглые 200г,299.99,200 г,tomato,Pyaterochka,200.0,1499.95,,,,
19,Томаты коктейльные 350г,226.99,350 г,tomato,Pyaterochka,350.0,648.5428571428572,,,,
20,Баклажан,298.99,Цена за 1 кг,eggplant,Pyaterochka,1000.0,298.99,,,,
21,Огурцы короткоплодные,389.99,Цена за 1 кг,cucumber,Pyaterochka,1000.0,389.99,,,,
22,Огурцы Люкс Луховицкие короткоплодные 450г,278.99,450 г,cucumber,Pyaterochka,450.0,619.9777777777779,,,,
23,Огурцы Луховицкие длинные 1шт.,123.99,250 г,cucumber,Pyaterochka,250.0,495.96,,,,
24,Томаты Рост коричневые 350г,212.99,350 г,tomato,Pyaterochka,350.0,608.5428571428572,,,,
25,Огурцы среднеплодные колючие 600г,267.99,600 г,cucumber,Pyaterochka,600.0,446.65,,,,
26,Томаты Сладкая Ягода Черри красные в ассортименте 200г,233.99,200 г,tomato,Pyaterochka,200.0,1169.95,,,,
27,Морковь мини 250г,87.99,250 г,carrot,Pyaterochka,250.0,351.96,,,,
28,Морковь целая очищенная в вакууме 500г,102.99,500 г,carrot,Pyaterochka,500.0,205.98,,,,
29,Бананы Global Village,169.99,Цена за 1 кг,banana,Pyaterochka,1000.0,169.99,,,,
30,Апельсины,149.99,Цена за 1 кг,orange,Pyaterochka,1000.0,149.99,,,,
31,Бананы Красная Цена фасованные,169.99,Цена за 1 кг,banana,Pyaterochka,1000.0,169.99,,,,
32,Апельсины фасованные,149.99,Цена за 1 кг,orange,Pyaterochka,1000.0,149.99,,,,
33,Апельсины Global Village отборные,233.99,Цена за 1 кг,orange,Pyaterochka,1000.0,233.99,,,,
34,Манго желтое,514.99,Цена за 1 кг,mango,Pyaterochka,1000.0,514.99,,,,
35,Молоко Домик в деревне пастеризованное 2.5% БЗМЖ 930мл,89.99,930 мл,milk,Pyaterochka,,,,,930.0,96.76344086021504
36,Молоко Станция Молочная пастеризованное 2.5% БЗМЖ 900мл,76.99,900 мл,milk,Pyaterochka,,,,,900.0,85.54444444444444
37,Молоко Простоквашино отборное пастеризованное 3.4-4.5% БЗМЖ 930мл,102.99,930 мл,milk,Pyaterochka,,,,,930.0,110.74193548387096
38,Молоко Село Зеленое пастеризованное 3.2% БЗМЖ 1.947л,199.99,1.947 л,milk,Pyaterochka,,,,,1947.0,102.71700051361069
39,Молоко Му-у ультрапастеризованное 3.2% БЗМЖ 925мл,104.99,925 мл,milk,Pyaterochka,,,,,925.0,113.50270270270269
40,Молоко Красная Цена ультрапастеризованное 3.2% БЗМЖ 970мл,84.99,970 мл,milk,Pyaterochka,,,,,970.0,87.61855670103093
41,Молоко сгущенное Рогачевъ с сахаром 8.5% БЗМЖ 380г,179.99,380 г,condensed_milk,Pyaterochka,380.0,473.65789473684214,,,,
42,Молоко Красная Цена ультрапастеризованное 2.5% БЗМЖ 0.97л,79.99,970 мл,milk,Pyaterochka,,,,,970.0,82.46391752577318
43,Молоко Домик в деревне отборное пастеризованное 3.7% БЗМЖ 1.4л,174.99,1.4 л,milk,Pyaterochka,,,,,1400.0,124.99285714285716
44,Молоко сгущенное Алексеевское цельное с сахаром 8.5% БЗМЖ 270г,134.99,270 г,condensed_milk,Pyaterochka,270.0,499.962962962963,,,,
45,Молоко Му-у ультрапастеризованное 2.5% БЗМЖ 925мл,109.99,925 мл,milk,Pyaterochka,,,,,925.0,118.90810810810811
46,Молоко Станция Молочная 3.3-6.0% БЗМЖ 930мл,92.99,930 мл,milk,Pyaterochka,,,,,930.0,99.98924731182795
47,Молоко Экомилк цельное отборное пастеризованное 3.4-4.5% БЗМЖ 900мл,89.99,900 мл,milk,Pyaterochka,,,,,900.0,99.98888888888888
48,Молоко С Нашей Фермы ультрапастеризованное 3.2% БЗМЖ 925мл,111.99,925 мл,milk,Pyaterochka,,,,,925.0,121.07027027027026
49,Молоко Простоквашино безлактозное ультрапастеризованное 1.5% БЗМЖ 0.97л,145.59,970 мл,milk,Pyaterochka,,,,,970.0,150.09278350515464
50,Молоко цельное сгущенное Станция Молочная 8.5% БЗМЖ 270г,90.99,270 г,condensed_milk,Pyaterochka,270.0,336.99999999999994,,,,
51,Молоко Домик в деревне ультрапастеризованное 2.5% БЗМЖ 950г,109.99,950 г,milk,Pyaterochka,,,,,922.3300970873786,119.25231578947368
52,Молоко Сарафаново безлактозное ультрапастеризованное 1.5% БЗМЖ 970мл,129.99,970 мл,milk,Pyaterochka,,,,,970.0,134.01030927835052
53,Молоко Правильное Молоко пастеризованное 3.2-4% БЗМЖ 2л,199.99,2 л,milk,Pyaterochka,,,,,2000.0,99.995
54,Молоко М ультрапастеризованное 3.2% БЗМЖ 950г,114.99,950 мл,milk,Pyaterochka,,,,,950.0,121.0421052631579
55,Молоко Сарафаново детское ультрапастеризованное 2.5% БЗМЖ 970мл,119.99,970 мл,milk,Pyaterochka,,,,,970.0,123.70103092783505
56,Молоко Станция Молочная пастеризованное 3.2% БЗМЖ 1.55л,152.99,1.55 л,milk,Pyaterochka,,,,,1550.0,98.70322580645161
57,Молоко Простоквашино 1.5% БЗМЖ 930мл,94.99,930 мл,milk,Pyaterochka,,,,,930.0,102.13978494623656
58,Молоко Parmalat Natura Premium питьевое ультрапастеризованное 3.5% БЗМЖ 1л,155.99,1 л,milk,Pyaterochka,,,,,1000.0,155.99
59,Молоко Лебедяньмолоко 3.2% БЗМЖ 1400г,144.99,1.4 л,milk,Pyaterochka,,,,,1400.0,103.56428571428572
60,Молоко ЭкоНива ультрапастеризованное 3.2% БЗМЖ 1л,117.59,1 л,milk,Pyaterochka,,,,,1000.0,117.59
61,Молоко сгущенное Алексеевское цельное с сахаром 8.5% БЗМЖ 360г,189.99,360 мл,condensed_milk,Pyaterochka,360.0,527.75,,,,
62,Молоко сгущенное Алексеевское цельное с сахаром ГОСТ 8.5% БЗМЖ 100г,66.99,100 г,condensed_milk,Pyaterochka,100.0,669.9,,,,
63,Молоко ЭкоНива пастеризованное цельное 3.3–6% БЗМЖ 1л,123.19,1 л,milk,Pyaterochka,,,,,1000.0,123.19
64,Молоко Станция молочная топленое 3.2% БЗМЖ 900мл,99.99,900 мл,milk,Pyaterochka,,,,,900.0,111.1
65,Молоко сгущенное Рогачевъ цельное с сахаром 8.5% БЗМЖ  270г,157.99,270 г,condensed_milk,Pyaterochka,270.0,585.1481481481482,,,,
66,Молоко Искренне Ваш пастеризованное 2.5% БЗМЖ 930г,87.99,930 мл,milk,Pyaterochka,,,,,930.0,94.61290322580643
67,Молоко Лебедяньмолоко 3.2% БЗМЖ 900г,92.99,900 мл,milk,Pyaterochka,,,,,900.0,103.32222222222222
68,Сгущенное молоко Станция Молочная цельное с сахаром 8.5% БЗМЖ 360г,129.99,360 г,condensed_milk,Pyaterochka,360.0,361.08333333333337,,,,
69,Молоко Нашей Дойки Отборное пастеризованное 3.4-6% БЗМЖ 900мл,99.99,900 мл,milk,Pyaterochka,,,,,900.0,111.1
70,Молоко Алексеевское цельное сгущенное с сахаром 8.5% БЗМЖ 7г,4.99,7 г,condensed_milk,Pyaterochka,7.0,712.8571428571429,,,,
71,Молоко Домик в деревне безлактозное ультрапастеризованное 1.8% БЗМЖ 950г,139.99,924 мл,milk,Pyaterochka,,,,,924.0,151.504329004329
72,Молоко Вкуснотеево пастеризованное 3.2% БЗМЖ 900г,96.99,874 мл,milk,Pyaterochka,,,,,874.0,110.97254004576658
73,Молоко Искренне Ваш отборное пастеризованное 3.4-6% БЗМЖ 930г,89.99,930 мл,milk,Pyaterochka,,,,,930.0,96.76344086021504
74,Молоко Асеньевская ферма пастеризованное 3.4-6% БЗМЖ 900мл,97.99,900 мл,milk,Pyaterochka,,,,,900.0,108.87777777777777
75,Молоко Промконсервы стерилизованное сгущенное цельное без сахара БЗМЖ 300г,90.99,300 г,condensed_milk,Pyaterochka,300.0,303.29999999999995,,,,
76,Молоко Ecomilk пастеризованное 2.5% БЗМЖ 930мл,79.99,930 мл,milk,Pyaterochka,,,,,930.0,86.01075268817205
77,Молоко ЛебедяньМолоко пастеризованное 3.2% БЗМЖ 450г,54.99,437 мл,milk,Pyaterochka,,,,,437.0,125.83524027459956
78,Тофу VegaNova Классический 250г,129.99,250 г,tofu,Pyaterochka,250.0,519.96,,,,
79,Яйцо куриное столовое С1 10шт.,79.99,10 шт,egg,Pyaterochka,,,10.0,7.999,,
80,Яйцо куриное отборное 10шт.,99.99,10 шт,egg,Pyaterochka,,,10.0,9.998999999999999,,
81,Яйцо куриное С2 10шт.,65.99,10 шт,egg,Pyaterochka,,,10.0,6.598999999999999,,
82,Яйцо куриное Окское столовое С1 10шт.,119.99,10 шт,egg,Pyaterochka,,,10.0,11.998999999999999,,
83,Яйцо куриное Окское столовое СО 10шт.,139.99,10 шт,egg,Pyaterochka,,,10.0,13.999,,
84,Яйцо куриное Село Зеленое Деревенское С1 10шт.,139.99,10 шт,egg,Pyaterochka,,,10.0,13.999,,
85,Яйцо куриное Роскар Экстра СО 10шт.,139.99,10 шт,egg,Pyaterochka,,,10.0,13.999,,
86,Яйцо куриное Лето С1 20шт.,234.99,20 шт,egg,Pyaterochka,,,20.0,11.749500000000001,,
87,Яйцо куриное Лето пищевое С1 10шт.,124.99,10 шт,egg,Pyaterochka,,,10.0,12.498999999999999,,
88,Яйцо куриное Окское С1 белое 30 шт.,349.99,30 шт,egg,Pyaterochka,,,30.0,11.666333333333334,,
89,Яйцо куриное Село Зеленое Деревенское С0 10шт.,151.19,10 шт,egg,Pyaterochka,,,10.0,15.119,,
90,Яйцо куриное Волжанин С1 10шт.,124.99,10 шт,egg,Pyaterochka,,,10.0,12.498999999999999,,
91,Йогурт Даниссимо Фантазия с хрустящими шоколадными шариками 6.9% 105г,69.99,105 г,yogurt,Pyaterochka,105.0,666.5714285714284,,,,
92,Йогурт Даниссимо с хрустящими ягодными шариками 6.9% 105г,69.99,105 г,yogurt,Pyaterochka,105.0,666.5714285714284,,,,
93,Йогурт Epica с манго и семенами чиа 5% 130г,54.99,130 г,yogurt,Pyaterochka,130.0,423.00000000000006,,,,
94,Йогурт Epica вишня-черешня 4.8% 130г,54.99,130 г,yogurt,Pyaterochka,130.0,423.00000000000006,,,,
95,"Йогурт Растишка со вкусом пломбира, драже хрустящие шарики с ягодным вкусом 3% 116г",66.99,116 г,yogurt,Pyaterochka,116.0,577.4999999999999,,,,
96,Йогурт Фругурт персик-маракуйя 2% 240г,59.99,240 г,yogurt,Pyaterochka,240.0,249.95833333333334,,,,
97,Йогурт Фругурт вишня 2% 240г,59.99,240 г,yogurt,Pyaterochka,240.0,249.95833333333334,,,,
98,Йогурт Актибио вишня 2.9% 130г,49.99,130 г,yogurt,Pyaterochka,130.0,384.53846153846155,,,,
99,Йогурт Чудо Клубника-земляника 2% 290г,79.99,290 г,yogurt,Pyaterochka,290.0,275.8275862068965,,,,
100,Йогурт Даниссимо Фантазия со вкусом клубники-молочного шоколада 6.9% 105г,73.99,105 г,yogurt,Pyaterochka,105.0,704.6666666666666,,,,
101,Йогурт АктиБио чернослив 2.9% 130г,52.99,130 г,yogurt,Pyaterochka,130.0,407.61538461538464,,,,
102,Йогурт Простоквашино Греческий 2% 135г,58.99,135 г,yogurt,Pyaterochka,135.0,436.962962962963,,,,
103,Йогурт АктиБио отруби и злаки 2.9% 130г,49.99,130 г,yogurt,Pyaterochka,130.0,384.53846153846155,,,,
104,Йогурт АктиБио клубника 2.9% 130г,49.99,130 г,yogurt,Pyaterochka,130.0,384.53846153846155,,,,
105,Йогурт Фругурт клубника-малина 2% 240г,59.99,240 г,yogurt,Pyaterochka,240.0,249.95833333333334,,,,
106,Йогурт АктиБио натуральный 3.5% 130г,49.99,130 г,yogurt,Pyaterochka,130.0,384.53846153846155,,,,
107,Йогурт Царка земляника 3.5% 400г,85.99,400 г,yogurt,Pyaterochka,400.0,214.975,,,,
109,Йогурт Простоквашино с черникой двухслойный термостатный 3.4% БЗМЖ 160г,49.99,160 г,yogurt,Pyaterochka,160.0,312.43750000000006,,,,
110,Йогурт Epica Crispy фисташки 4.8% 140г,74.99,140 г,yogurt,Pyaterochka,140.0,535.6428571428571,,,,
111,Йогурт Царка манго 3.5% 400г,85.99,400 г,yogurt,Pyaterochka,400.0,214.975,,,,
112,Йогурт Epica Crispy карамель 4.8% 140г,78.99,140 г,yogurt,Pyaterochka,140.0,564.2142857142857,,,,
113,Йогурт Царка вишня 3.5% 400г,85.99,400 г,yogurt,Pyaterochka,400.0,214.975,,,,
116,Йогурт Коломенский Черника с малиной и манго 5% 170г,72.99,170 г,yogurt,Pyaterochka,170.0,429.35294117647055,,,,
119,Йогурт Teos греческий клубника 2% 140г,63.99,140 г,yogurt,Pyaterochka,140.0,457.07142857142856,,,,
120,Йогурт Lactica греческий натуральный 4% 120г,59.99,120 г,yogurt,Pyaterochka,120.0,499.9166666666667,,,,
121,Йогурт ЦарКа Киви 3.5% 400г,85.99,400 мл,yogurt,Pyaterochka,400.0,214.975,,,,
122,Йогурт Viola Laplandia Сливочный с малиной и маскарпоне 7.2% 180г,78.99,180 г,yogurt,Pyaterochka,180.0,438.8333333333333,,,,
123,Йогурт Простоквашино термостатный 4% 160г,49.99,160 мл,yogurt,Pyaterochka,160.0,312.43750000000006,,,,
125,Йогурт Вкус & Польза греческий с малиной 3% 190г,105.99,190 г,yogurt,Pyaterochka,190.0,557.8421052631579,,,,
126,Йогурт Коломенский Питайя-манго-чиа 5% 170г,72.99,170 г,yogurt,Pyaterochka,170.0,429.35294117647055,,,,
127,Йогурт Viola Laplandia Крем-брюле сливочный 7% 180г,78.99,180 г,yogurt,Pyaterochka,180.0,438.8333333333333,,,,
128,Йогурт Сарафаново Термостатный 1.5% БЗМЖ 125г,29.99,125 г,yogurt,Pyaterochka,125.0,239.92,,,,
132,Йогурт Viola Verry Berry манго 2.6% 180г,78.99,180 г,yogurt,Pyaterochka,180.0,438.8333333333333,,,,
133,Йогурт Viola Very berry Вишня 2.6% 180г,78.99,180 г,yogurt,Pyaterochka,180.0,438.8333333333333,,,,
134,Йогурт Neo Греческий Клубника 100% натуральный с высоким содержанием белка 2% БЗМЖ 125г,73.99,125 г,yogurt,Pyaterochka,125.0,591.92,,,,
135,Йогурт Viola free безлактозный 3.4% 180г,78.99,180 г,yogurt,Pyaterochka,180.0,438.8333333333333,,,,
136,Йогурт Вкус & Польза натуральный греческий 4% 190г,105.99,190 г,yogurt,Pyaterochka,190.0,557.8421052631579,,,,
137,Йогурт Epica натуральный 6% 130г,55.99,130 г,yogurt,Pyaterochka,130.0,430.69230769230774,,,,
138,Йогурт Lactica двухслойный греческий с печеным яблоком и карамелью 3.4% 120г,68.99,120 г,yogurt,Pyaterochka,120.0,574.9166666666666,,,,
139,Йогурт Lactica двухслойный греческий с малиной 3.4% 120г,64.99,120 г,yogurt,Pyaterochka,120.0,541.5833333333333,,,,
140,Батон Селяночка Нарезной нарезка 400г,46.99,400 г,bread,Pyaterochka,400.0,117.47500000000001,,,,
141,Батон Коломенское Нарезной нарезка 400г,72.99,400 г,bread,Pyaterochka,400.0,182.475,,,,
142,Батон Хлебный Дом Звездный нарезка 350г,59.99,350 г,bread,Pyaterochka,350.0,171.4,,,,
143,Хлеб сандвичный Harry's American Sandwich пшеничный нарезка 470г,123.99,470 г,bread,Pyaterochka,470.0,263.80851063829783,,,,
144,Хлеб Коломенский Даниловский ржано-пшеничный нарезка 350г,67.99,350 г,bread,Pyaterochka,350.0,194.25714285714284,,,,
145,Батон Черемушки нарезка 400г,66.99,400 г,bread,Pyaterochka,400.0,167.475,,,,
146,Хлеб Черемушки Столичный нарезка 330г,49.99,330 г,bread,Pyaterochka,330.0,151.4848484848485,,,,
147,Батон Черемушки Нарезной нарезка 200г,34.99,200 г,bread,Pyaterochka,200.0,174.95000000000002,,,,
148,Хлеб Хлебный Дом тостовый пшеничный 350г,70.99,350 г,bread,Pyaterochka,350.0,202.82857142857142,,,,
149,Хлеб Коломенское Дарницкий формовой нарезка 350г,52.49,350 г,bread,Pyaterochka,350.0,149.9714285714286,,,,
150,Хлеб Коломенское Даниловский зерновой 300г,87.35,300 г,bread,Pyaterochka,300.0,291.16666666666663,,,,
151,Хлеб Селяночка Бородинский нарезка половина 350г,39.99,350 г,bread,Pyaterochka,350.0,114.25714285714287,,,,
152,Хлеб Хлебный Дом Геркулес зерновой нарезка 250г,62.99,250 г,bread,Pyaterochka,250.0,251.96,,,,
153,Хлеб Селяночка Дарницкий 320г,32.99,320 г,bread,Pyaterochka,320.0,103.09375000000001,,,,
154,Хлеб Ржаной Край зерновой нарезка 300г,109.99,300 г,bread,Pyaterochka,300.0,366.6333333333333,,,,
155,Батон Селяночка нарезной 200г,27.99,200 г,bread,Pyaterochka,200.0,139.95,,,,
156,Хлеб Ржаной Край заварной нарезка 300г,96.99,300 г,bread,Pyaterochka,300.0,323.29999999999995,,,,
157,Батон Хлебный Дом Утренний нарезка 400г,84.99,400 г,bread,Pyaterochka,400.0,212.475,,,,
158,Хлеб Черемушки Бородинский нарезка 390г,59.99,390 г,bread,Pyaterochka,390.0,153.82051282051282,,,,
159,Батон Коломенское с отрубями 300г,66.99,300 г,bread,Pyaterochka,300.0,223.29999999999998,,,,
160,Хлеб Сибирский пекарь зерновой мультизлаковый со льном нарезка 280г,69.99,280 г,bread,Pyaterochka,280.0,249.9642857142857,,,,
161,Хлеб Коломенское Бородинский нарезка 400г,59.99,400 г,bread,Pyaterochka,400.0,149.975,,,,
162,Хлеб Черемушки Московский 340г,44.99,340 г,bread,Pyaterochka,340.0,132.3235294117647,,,,
163,Батон Черемушки Полюшко нарезка 300г,89.99,300 г,bread,Pyaterochka,300.0,299.96666666666664,,,,
164,Хлеб Черемушки Зерновик нарезка 460г,109.99,460 г,bread,Pyaterochka,460.0,239.1086956521739,,,,
165,Батон Пеко нарезка 400г,54.99,400 г,bread,Pyaterochka,400.0,137.47500000000002,,,,
166,Хлеб Зерница ржано-пшеничный бездрожжевой нарезка 300г,57.99,300 г,bread,Pyaterochka,300.0,193.3,,,,
167,Хлеб Хлебный Дом Марьин заварной 350г,89.99,350 г,bread,Pyaterochka,350.0,257.1142857142857,,,,
168,Хлеб Хлебозавод 28 Для Фитнеса нарезка 300г,73.99,300 г,bread,Pyaterochka,300.0,246.63333333333333,,,,
169,Хлеб Рижский хлеб Крестьянский бездрожжевой заварной подовый 300г,67.99,300 г,bread,Pyaterochka,300.0,226.63333333333333,,,,
170,Батон Нижегородский хлеб Подмосковный 380г,45.99,380 г,bread,Pyaterochka,380.0,121.02631578947368,,,,
171,Хлеб Дарницкий нарезка 160г,19.99,160 г,bread,Pyaterochka,160.0,124.9375,,,,
172,Хлеб Рижский хлеб Ароматный подовый 300г,69.99,300 г,bread,Pyaterochka,300.0,233.29999999999998,,,,
173,Хлеб Рижский Хлеб Бородинский 300г,93.99,300 г,bread,Pyaterochka,300.0,313.29999999999995,,,,
174,Хлеб Нижегородский Хлеб 400г,59.99,400 г,bread,Pyaterochka,400.0,149.975,,,,
175,Хлеб Селяночка Тостовый нарезка 250г,46.99,250 г,bread,Pyaterochka,250.0,187.96,,,,
176,Хлеб Нижегородский хлеб Дарницкий формовой 700г,50.99,700 г,bread,Pyaterochka,700.0,72.84285714285714,,,,
177,Хлеб Нижегородский хлеб Буржуа нарезка 350г,69.99,350 г,bread,Pyaterochka,350.0,199.97142857142856,,,,
178,Хлеб Зерница Полезные рецепты Пшеничный злаковый нарезка 300г,69.99,300 г,bread,Pyaterochka,300.0,233.29999999999998,,,,
179,Хлеб Рижский хлеб Ароматный ржано-пшеничный подовый с изюмом 300г,85.99,300 г,bread,Pyaterochka,300.0,286.63333333333327,,,,
180,Хлеб Пеко Медведковский ржано-пшеничный заварной нарезка 375г,49.99,375 г,bread,Pyaterochka,375.0,133.30666666666667,,,,
181,Хлеб Пеко Столовый Новый нарезка 160г,19.99,160 г,bread,Pyaterochka,160.0,124.9375,,,,
182,Хлеб Рижский хлеб ржаной со злаками 300г,134.99,300 г,bread,Pyaterochka,300.0,449.9666666666667,,,,
183,Хлеб Рижский хлеб Юбилейный бездрожжевой 205г,149.99,205 г,bread,Pyaterochka,205.0,731.6585365853659,,,,
184,Батон Селяночка пшеничный с отрубями 300г,33.99,300 г,bread,Pyaterochka,300.0,113.30000000000001,,,,
185,Батон Селяночка Горчичный нарезанный 300г,44.99,300 г,bread,Pyaterochka,300.0,149.96666666666667,,,,
186,Хлеб Пеко Медведковский пшеничный злаковый нарезка 300г,54.99,300 г,bread,Pyaterochka,300.0,183.3,,,,
187,Батон Пеко Горчичный нарезка 400г,44.99,400 г,bread,Pyaterochka,400.0,112.47500000000001,,,,
188,Окорок свиной бескостный охлажденный,299.99,Цена за 1 кг,pork_leg,Pyaterochka,1000.0,299.99,,,,
189,Филе куриное охлажденное,329.99,Цена за 1 кг,chicken_fillet,Pyaterochka,1000.0,329.99,,,,
190,Филе грудки цыплёнка Петелинка охлаждённое,449.99,Цена за 1 кг,chicken_fillet,Pyaterochka,1000.0,449.99,,,,
191,Спагетти Шебекинские №2 тонкие 450г,63.99,450 г,spaghetti,Pyaterochka,450.0,142.2,,,,
192,Макароны Makfa Спагетти 450г,63.99,450 г,spaghetti,Pyaterochka,450.0,142.2,,,,
193,Гречка ядрица 900г,33.99,900 г,buckwheat,Pyaterochka,900.0,37.76666666666667,,,,
194,Гречка ядрица Селяночка быстроразваривающаяся пропаренная 900г,94.99,900 г,buckwheat,Pyaterochka,900.0,105.54444444444444,,,,
195,Макароны Barilla Спагетти n.5 450г,109.99,450 г,spaghetti,Pyaterochka,450.0,244.42222222222222,,,,
196,Гречка Селяночка ядрица быстроразваривающаяся 5х80г,83.99,400 г,buckwheat,Pyaterochka,400.0,209.975,,,,
197,Рис Селяночка круглозерный 5x80г,89.99,400 г,rice,Pyaterochka,400.0,224.975,,,,
198,Рис круглозернистый шлифованный 900г,49.99,900 г,rice,Pyaterochka,900.0,55.544444444444444,,,,
199,Рис Global Village Для плова 800г,124.99,800 г,rice,Pyaterochka,800.0,156.2375,,,,
200,Рис Селяночка длиннозерный пропаренный 900г,139.99,900 г,rice,Pyaterochka,900.0,155.54444444444445,,,,
201,"Рис Селяночка круглозёрный шлифованный, 900г",129.99,900 г,rice,Pyaterochka,900.0,144.43333333333334,,,,
203,Гречка Агро-Альянс Экстра элитная 900г,129.99,900 г,buckwheat,Pyaterochka,900.0,144.43333333333334,,,,
204,Крупа Увелка гречневая 500г,63.99,500 г,buckwheat,Pyaterochka,500.0,127.98,,,,
205,Гречка Мистраль 900г,144.99,900 г,buckwheat,Pyaterochka,900.0,161.10000000000002,,,,
206,Рис Селяночка длиннозерный первый сорт 5х80г,132.99,400 г,rice,Pyaterochka,400.0,332.475,,,,
207,Рис Увелка круглозерный шлифованный 500г,79.99,500 г,rice,Pyaterochka,500.0,159.98,,,,
208,Макароны Baisad спагетти 450г,57.99,450 г,spaghetti,Pyaterochka,450.0,128.86666666666667,,,,
209,"Спагетти Зерница высший сорт, 500г",54.99,500 г,spaghetti,Pyaterochka,500.0,109.98,,,,
210,Рис пропаренный шлифованный 900г,112.99,900 г,rice,Pyaterochka,900.0,125.54444444444444,,,,
211,Рис Селяночка длиннозерный шлифованный 900г,148.99,900 г,rice,Pyaterochka,900.0,165.54444444444448,,,,
212,Рис Global Village Басмати шлифованный 450г,169.99,450 г,rice,Pyaterochka,450.0,377.7555555555556,,,,
213,Рис Националь для плова 900г,144.99,900 г,rice,Pyaterochka,900.0,161.10000000000002,,,,
214,Рис Мистраль Янтарь длиннозерный пропаренный 5х80г,137.99,400 г,rice,Pyaterochka,400.0,344.975,,,,
215,Гречка Мистраль ядрица 5х80г,119.99,400 г,buckwheat,Pyaterochka,400.0,299.97499999999997,,,,
216,"Спагетти Trattoria di Maestro Turatti, 450г",94.99,450 г,spaghetti,Pyaterochka,450.0,211.08888888888887,,,,
217,Рис Makfa шлифованный круглозерный в пакетиках 400г,89.99,400 г,rice,Pyaterochka,400.0,224.975,,,,
218,Рис Националь Краснодарский 900г,162.99,900 г,rice,Pyaterochka,900.0,181.10000000000002,,,,
219,Спагетти Красная цена 400г,20.99,400 г,spaghetti,Pyaterochka,400.0,52.474999999999994,,,,
220,Рис Националь Золотистый длиннозерный пропаренный 900г,179.99,900 г,rice,Pyaterochka,900.0,199.9888888888889,,,,
221,Рис длиннозерный 900г,105.99,900 г,rice,Pyaterochka,900.0,117.76666666666665,,,,
222,Рис Global Village Басмати шлифованный 5х80г,179.99,400 г,rice,Pyaterochka,400.0,449.975,,,,
223,Рис Агро-Альянс Кубанский Экстра 900г,158.99,900 г,rice,Pyaterochka,900.0,176.65555555555557,,,,
225,Рис Агро-альянс Экстра Элитный длиннозерный 900г,169.99,900 г,rice,Pyaterochka,900.0,188.8777777777778,,,,
226,Рис Националь Бальдо 800г,156.79,800 г,rice,Pyaterochka,800.0,195.98749999999998,,,,
227,Рис Мистраль Кубань белый круглозёрный 900г,179.19,900 мл,rice,Pyaterochka,900.0,199.1,,,,
228,Рис Мистраль Янтарь длиннозерный пропаренный 900г,226.99,900 мл,rice,Pyaterochka,900.0,252.2111111111111,,,,
229,Рис Global Village Жасмин 5х80г,137.99,5 шт,rice,Pyaterochka,400.0,344.975,,,,
230,Рис Агро-Альянс Экстра Gold пропаренный 900г,209.99,900 г,rice,Pyaterochka,900.0,233.32222222222222,,,,
231,Гречка Мистраль Фермерская 900г,169.99,900 г,buckwheat,Pyaterochka,900.0,188.8777777777778,,,,
232,Рис Националь Пилаф 800г,169.99,800 г,rice,Pyaterochka,800.0,212.4875,,,,
233,Рис Global Village шлифованный 450г,187.99,450 г,rice,Pyaterochka,450.0,417.7555555555556,,,,
234,Спагетти Liguori №3 450г,149.99,450 г,spaghetti,Pyaterochka,450.0,333.31111111111113,,,,
235,Крупа Увелка гречневая ядрица 450г,122.99,450 г,buckwheat,Pyaterochka,450.0,273.31111111111113,,,,
236,Рис Yelli Бириани 250г,224.99,250 г,rice,Pyaterochka,250.0,899.96,,,,
237,Чай Greenfield Kenyan Sunrise черный в пакетиках 100х2г,439.99,200 г,black_tea,Pyaterochka,200.0,2199.95,,,,
238,Сахар белый песок 1кг,59.99,1 кг,sugar,Pyaterochka,1000.0,59.99,,,,
239,Сахар Селяночка белый 1кг,97.49,1 кг,sugar,Pyaterochka,1000.0,97.49,,,,
240,Сахар Русский рафинад прессованный 500г,63.99,500 г,sugar,Pyaterochka,500.0,127.98,,,,
241,Чай черный Greenfield Golden Ceylon 100шт.,399.99,200 г,black_tea,Pyaterochka,200.0,1999.95,,,,
242,Чай черный Азерчай Букет 25х2г,73.49,25 шт,black_tea,Pyaterochka,50.0,1469.8,,,,
243,"Чай черный Curtis Blue Berries blues чёрная смородина, ежевика, черника и василёк 20х1.8г",111.99,20 шт,black_tea,Pyaterochka,36.0,3110.8333333333335,,,,
244,Чай черный Greenfield Золотой Цейлон 25х2г,139.99,25 шт,black_tea,Pyaterochka,50.0,2799.8,,,,
245,Чай Tess Pleasure черный с шиповником и яблоком в пакетиках 25х1.5г,129.99,38 г,black_tea,Pyaterochka,37.5,3466.4,,,,
246,Чай зеленый Curtis Fresh Mojito 20х1.7г,111.99,34 г,green_tea,Pyaterochka,34.0,3293.8235294117644,,,,
247,Чай черный Greenfield Earl Grey Fantasy с бергамотом 25х2г,139.99,25 шт,black_tea,Pyaterochka,50.0,2799.8,,,,
248,Сахар Советский Экстра 1кг,102.99,1 кг,sugar,Pyaterochka,1000.0,102.99,,,,
249,Чай черный Tess Forest Dream в пирамидках 20х1.8г,109.99,36 г,black_tea,Pyaterochka,36.0,3055.2777777777774,,,,
250,Сахар-рафинад 1кг,80.99,1 кг,sugar,Pyaterochka,1000.0,80.99,,,,
251,Чай Richard Lord Grey черный бергамот-лимон 25х2г,134.39,50 г,black_tea,Pyaterochka,50.0,2687.7999999999997,,,,
252,Сахар Сытое царство белый кристаллический свекловичный 500г,40.99,500 г,sugar,Pyaterochka,500.0,81.98,,,,
253,Чай черный Принцесса Нури Высокогорный 100х2г,184.99,100 шт,black_tea,Pyaterochka,200.0,924.95,,,,
254,Чай Азерчай Букет черный байховый крупнолистовой 100г,194.99,100 г,black_tea,Pyaterochka,100.0,1949.9,,,,
255,Кофе Жокей По-восточному натуральный жареный молотый 250г,278.99,250 г,ground_coffee,Pyaterochka,250.0,1115.96,,,,
256,Чай Greenfield Spring Melody черный в пакетиках 25х1.5г,105.99,45 г,black_tea,Pyaterochka,37.5,2826.4,,,,
257,Чай зеленый Greenfield Green melissa 25х1.5г,149.99,25 шт,green_tea,Pyaterochka,37.5,3999.7333333333336,,,,
258,Чай черный Лисма Насыщенный индийский 25х1.8г,55.99,25 шт,black_tea,Pyaterochka,45.0,1244.2222222222224,,,,
259,Чай Curtis Sunny Lemon черный в пакетиках 20х1.47г,93.99,34 г,black_tea,Pyaterochka,29.4,3196.938775510204,,,,
260,Чай черный Tess Pleasure шиповник-яблоко 100х1.5г,262.99,100 шт,black_tea,Pyaterochka,150.0,1753.2666666666667,,,,
261,Чай зеленый Assand Young Melissa с мелиссой 25x1.5г,99.99,25 шт,green_tea,Pyaterochka,37.5,2666.4,,,,
262,Чай Greenfield Earl Grey Fantasy черный с бергамотом 100х2г,456.99,200 г,black_tea,Pyaterochka,200.0,2284.9500000000003,,,,
263,Чай черный Greenfield Earl Grey Fantasy с бергамотом 100г,169.99,100 г,black_tea,Pyaterochka,100.0,1699.9,,,,
264,Чай зеленый Curtis Delicate Mango 20х1.8г,93.99,20 шт,green_tea,Pyaterochka,36.0,2610.8333333333335,,,,
265,Чай черный Принцесса Нури Высокогорный 25х2г,57.99,25 шт,black_tea,Pyaterochka,50.0,1159.8,,,,
266,Чай черный Greenfield Золотой Цейлон листовой 100г,169.99,100 г,black_tea,Pyaterochka,100.0,1699.9,,,,
267,Чай Greenfield Грин мелисса зеленый с ароматом мяты и лимона в пакетиках 100х1.5г,402.99,150 г,green_tea,Pyaterochka,150.0,2686.6,,,,
268,Чай черный Азерчай Букет 100х2г,204.99,100 шт,black_tea,Pyaterochka,200.0,1024.95,,,,
269,Чай черный Richard Royal ceylon байховый 100х2г,294.99,100 шт,black_tea,Pyaterochka,200.0,1474.95,,,,
270,Чай зеленый Assand Milk Oolong китайский молочный улун 25x2г,105.99,25 шт,green_tea,Pyaterochka,50.0,2119.7999999999997,,,,
271,Чай черный Майский Лесные ягоды 25х1.5г,72.79,37 г,black_tea,Pyaterochka,37.5,1941.0666666666668,,,,
272,Кофе молотый Monarch Original натуральный жареный 230г,349.99,230 г,ground_coffee,Pyaterochka,230.0,1521.695652173913,,,,
273,Кофе Lavazza Crema e Gusto молотый 250г,453.99,250 г,ground_coffee,Pyaterochka,250.0,1815.96,,,,
274,Чай черный Assand Charming Thyme с чабрецом 25х2г,99.99,25 шт,black_tea,Pyaterochka,50.0,1999.7999999999997,,,,
275,Чай черный Akbar Akbar Mountain Fresh 25х2г,69.99,25 шт,black_tea,Pyaterochka,50.0,1399.8,,,,
276,Чай Tess Санрайз черный в пакетиках 100х1.8г,302.39,180 г,black_tea,Pyaterochka,180.0,1679.9444444444446,,,,
277,Кофе Lebo Принц Лебо арабика молотый для турки 100г,189.99,100 мл,ground_coffee,Pyaterochka,100.0,1899.9,,,,
278,Чай черный Richard Lord Grey с бергамотом 90г,145.99,90 г,black_tea,Pyaterochka,90.0,1622.1111111111113,,,,
279,Чай черный Ahmad Tea Earl Grey 25х2г,134.39,25 шт,black_tea,Pyaterochka,50.0,2687.7999999999997,,,,
280,Чай черный Ahmad Tea Mango Magic с ароматом манго 25х1.5г,134.39,25 шт,black_tea,Pyaterochka,37.5,3583.733333333333,,,,
281,Чай Greenfield Золотой цейлон черный цейлонский листовой 200г,259.99,200 г,black_tea,Pyaterochka,200.0,1299.95,,,,
282,Чай Greenfield Kenyan Sunrise черный в пакетиках 25х2г,139.99,50 г,black_tea,Pyaterochka,50.0,2799.8,,,,
283,Чай черный Richard Royal Peach & Mint с ароматом персика и мяты 25х1.7г,109.99,25 шт,black_tea,Pyaterochka,42.5,2588.0,,,,
284,Чай зеленый Assand Jasmine Blossom китайский с жасмином 25х2г,99.99,25 шт,green_tea,Pyaterochka,50.0,1999.7999999999997,,,,
285,Чай черный Richard Royal classic Эрл Грей с бергамотом 100х2г,309.99,100 шт,black_tea,Pyaterochka,200.0,1549.95,,,,
286,Кофе Жокей ирландские сливки молотый 150г,247.99,150 г,ground_coffee,Pyaterochka,150.0,1653.2666666666667,,,,
287,Чай Akbar Цейлон черный в пакетиках 100х2г,426.99,200 г,black_tea,Pyaterochka,200.0,2134.95,,,,
288,Чай Richard Роял Цейлон черный в сашетах 25х2г,109.99,50 г,black_tea,Pyaterochka,50.0,2199.7999999999997,,,,
290,Чай черный Assand Mysterious Berry с ягодами и травами 25x1.5г,99.99,25 шт,black_tea,Pyaterochka,37.5,2666.4,,,,
291,Чай черный Принцесса Нури Магия бергамота 100х2г,199.99,100 шт,black_tea,Pyaterochka,200.0,999.95,,,,
293,Чай черный Assand Earl Grey 25х2г,99.99,25 шт,black_tea,Pyaterochka,50.0,1999.7999999999997,,,,
294,Чай зеленый Curtis Hugo Cocktail 20х1.8г,93.99,20 шт,green_tea,Pyaterochka,36.0,2610.8333333333335,,,,
295,Кофе Jardin Americano Crema молотый 250г,317.99,250 г,ground_coffee,Pyaterochka,250.0,1271.96,,,,
296,Чай Richard Королевский цейлон черный листовой 90г,145.99,90 г,black_tea,Pyaterochka,90.0,1622.1111111111113,,,,
297,Сахар Чайкофский белый кусковой 250г,48.99,250 г,sugar,Pyaterochka,250.0,195.96,,,,
298,Чай черный Ahmad Strawberry Cream с ароматом клубники со сливками 25х1.5г,119.99,25 шт,black_tea,Pyaterochka,37.5,3199.733333333333,,,,
299,Чай черный Greenfield Spring Melody 100х1.5г,369.59,100 шт,black_tea,Pyaterochka,150.0,2463.9333333333334,,,,
300,Чай черный Assand Magnetic Mint с мятой 25x2г,105.99,25 шт,black_tea,Pyaterochka,50.0,2119.7999999999997,,,,
301,Чай черный Майский Корона Российской Империи 200г,251.99,200 г,black_tea,Pyaterochka,200.0,1259.95,,,,
302,Чай черный Richard Royal Berries Selection лесные ягоды 25х1.7г,149.99,25 шт,black_tea,Pyaterochka,42.5,3529.1764705882356,,,,
303,Чай зеленый Ahmad Tea Китайский 25х1.8г,89.59,25 шт,green_tea,Pyaterochka,45.0,1990.888888888889,,,,
304,Чай черный Майский Отборный Цейлон 25х2г,72.79,25 шт,black_tea,Pyaterochka,50.0,1455.8000000000002,,,,
305,Кофе Venetto молотый натуральный жареный 250г,329.99,250 г,ground_coffee,Pyaterochka,250.0,1319.96,,,,
306,Кофе молотый Живой Кофе Arabica жареный 200г,286.99,200 г,ground_coffee,Pyaterochka,200.0,1434.95,,,,
307,Чай зеленый Greenfield Flying Dragon крупнолистовой 100г,151.19,100 г,green_tea,Pyaterochka,100.0,1511.9,,,,
308,Чай Азерчай Букет черный байховый крупнолистовой 200г,322.99,200 г,black_tea,Pyaterochka,200.0,1614.95,,,,
309,Кофе молотый Красная цена средней обжарки 100г,99.99,100 г,ground_coffee,Pyaterochka,100.0,999.8999999999999,,,,
310,Чай черный Майский Корона Российской Империи цейлонский листовой 100г,145.59,100 г,black_tea,Pyaterochka,100.0,1455.8999999999999,,,,
311,Кофе Fresco Arabica Blend жареный молотый 250г,402.99,250 г,ground_coffee,Pyaterochka,250.0,1611.96,,,,
312,Кофе Egoiste Espresso молотый 250г,556.99,250 г,ground_coffee,Pyaterochka,250.0,2227.96,,,,
313,Чай черный Ahmad Tea Earl Grey с ароматом бергамота 100х2г,470.39,100 шт,black_tea,Pyaterochka,200.0,2351.95,,,,
314,Чай черный Assand Highborn Earl Grey с ароматом бергамота 100х2г,289.99,100 шт,black_tea,Pyaterochka,200.0,1449.95,,,,
315,Чай зеленый Richard Royal Moroccan Mint 25х2г,149.99,25 шт,green_tea,Pyaterochka,50.0,2999.8,,,,
316,Чай черный Принцесса Канди цейлонский 100х2г,199.99,100 шт,black_tea,Pyaterochka,200.0,999.95,,,,
317,Чай черный Assand Highborn Earl Grey с ароматом бергамота 100г,132.99,100 г,black_tea,Pyaterochka,100.0,1329.9,,,,
318,Чай черный Assand Famous Ceylon 100г,132.99,100 г,black_tea,Pyaterochka,100.0,1329.9,,,,
319,Чай черный Ahmad Tea Классический листовой 200г,249.99,200 г,black_tea,Pyaterochka,200.0,1249.95,,,,
320,Сахар Экстра белый кусковой 500г,70.99,500 г,sugar,Pyaterochka,500.0,141.98,,,,
321,Кофе молотый Piazza Del Caffe Gusto Forte темнообжаренный 250г,329.99,250 г,ground_coffee,Pyaterochka,250.0,1319.96,,,,
322,Чай черный Assand Famous Ceylon 100х2г,289.99,100 шт,black_tea,Pyaterochka,200.0,1449.95,,,,
323,Чай черный Curtis Delicate Black 25х1.7г,144.99,25 шт,black_tea,Pyaterochka,42.5,3411.5294117647063,,,,
324,Чай Ahmad Tea Earl Grey черный 200г,380.79,200 г,black_tea,Pyaterochka,200.0,1903.95,,,,
325,Чай черный Richard Королевский английский завтрак 100x2г,309.99,100 шт,black_tea,Pyaterochka,200.0,1549.95,,,,
326,Чай черный Assand Цейлонский 25х2г,99.99,50 г,black_tea,Pyaterochka,50.0,1999.7999999999997,,,,
327,Чай зеленый Assand Jasmine Blossom с жасмином 100г,132.99,100 г,green_tea,Pyaterochka,100.0,1329.9,,,,
328,Чай черный Принцесса Канди Медиум цейлонский 100г,89.99,100 г,black_tea,Pyaterochka,100.0,899.9,,,,
329,Чай черный Dilmah Ceylon Orange Pekoe крупнолистовой 250г,369.59,250 г,black_tea,Pyaterochka,250.0,1478.36,,,,
330,Чай черный байховый индийский 100х1.6г,109.99,100 шт,black_tea,Pyaterochka,160.0,687.4374999999999,,,,
331,Чай черный Beta Tea ОРА крупнолистовой 250г,329.99,250 г,black_tea,Pyaterochka,250.0,1319.96,,,,
332,Кофе Monarch Gold Arabica натуральный жареный молотый 200г,359.99,200 г,ground_coffee,Pyaterochka,200.0,1799.95,,,,
333,Чай черный Майский Корона Российской Империи цейлонский 100х2г,289.99,100 шт,black_tea,Pyaterochka,200.0,1449.95,,,,
334,Чай черный Ahmad Tea Earl Grey с ароматом бергамота листовой 100г,201.59,100 мл,black_tea,Pyaterochka,100.0,2015.9000000000003,,,,
335,Чай зеленый Assand Chinese Green листовой 100г,132.99,100 г,green_tea,Pyaterochka,100.0,1329.9,,,,
336,Чай черный Dilmah Ceylon Orange Pekoe крупнолистовой 100г,190.39,100 г,black_tea,Pyaterochka,100.0,1903.8999999999999,,,,
337,Чай Крепкие Традиции черный 25х2г,46.99,50 г,black_tea,Pyaterochka,50.0,939.8000000000001,,,,
338,Чай черный Tess Banana Split 20х1.8г,132.99,20 шт,black_tea,Pyaterochka,36.0,3694.166666666667,,,,
339,Чай черный Красная Цена 20х2г,25.99,40 г,black_tea,Pyaterochka,40.0,649.7499999999999,,,,
340,Чай черный Крепкие традиции Цейлонский крупнолистовой 250г,159.99,250 г,black_tea,Pyaterochka,250.0,639.96,,,,
341,Чай черный Tess Санрайз в пакетиках 25х1.8г,119.99,45 г,black_tea,Pyaterochka,45.0,2666.4444444444443,,,,
342,Чай зеленый Assand Fresh summer Лайм с цедрой цитрусовых 100x1.5г,299.99,100 шт,green_tea,Pyaterochka,150.0,1999.9333333333334,,,,
343,Чай зеленый Принцесса Ява Традиционный китайский 200г,156.79,200 г,green_tea,Pyaterochka,200.0,783.9499999999999,,,,
344,Чай черный Assand Apple Orchard 100x1.5г,299.99,100 шт,black_tea,Pyaterochka,150.0,1999.9333333333334,,,,
345,Чай черный Assand Kenyan tea 100х2г,289.99,100 шт,black_tea,Pyaterochka,200.0,1449.95,,,,
346,Чай Красная цена черный мелколистовой 100г,29.99,100 г,black_tea,Pyaterochka,100.0,299.9,,,,
347,Чай Ahmad Tea зеленый с жасмином в пакетиках 25х2г,109.99,50 г,green_tea,Pyaterochka,50.0,2199.7999999999997,,,,
348,Чай зеленый Зеленая панда Молочный туман китайский молочный оолонг 100г,232.99,100 г,green_tea,Pyaterochka,100.0,2329.9,,,,
349,Чай черный Крепкие Традиции байховый 100х2г,179.99,200 г,black_tea,Pyaterochka,200.0,899.95,,,,
350,Чай черный Akbar GFold цейлонский 25х2г,95.19,25 шт,black_tea,Pyaterochka,50.0,1903.8,,,,
351,Кофе молотый Julius Meinl Президент натуральный жареный 220г,466.99,220 г,ground_coffee,Pyaterochka,220.0,2122.6818181818185,,,,
352,Чай черный Akbar Limited Edition крупнолистовой 200г,243.99,200 г,black_tea,Pyaterochka,200.0,1219.95,,,,
353,Чай черный Ahmad Tea Английский завтрак 100х2г,470.39,100 шт,black_tea,Pyaterochka,200.0,2351.95,,,,
354,Чай черный Champion Pekoe цейлонский 100г,189.99,100 г,black_tea,Pyaterochka,100.0,1899.9,,,,
355,Чай черный Greenfield Fine Ceylon байховый цейлонский крупнолистовой 90г,189.99,90 г,black_tea,Pyaterochka,90.0,2111.0,,,,
356,Сахар Naturiqa Экстра белый кусковой 500г,76.99,500 г,sugar,Pyaterochka,500.0,153.98,,,,
357,Чай черный Крепкие Традиции крупнолистовой 200г,129.99,200 г,black_tea,Pyaterochka,200.0,649.95,,,,
358,Чай черный Dilmah Английский завтрак 100x2г,481.59,100 шт,black_tea,Pyaterochka,200.0,2407.95,,,,
361,"Кофе Carte Noire Original жареный молотый, 230г",469.99,230 г,ground_coffee,Pyaterochka,230.0,2043.4347826086955,,,,
362,Кофе молотый Carte Noire Crema Delice 230г,469.99,230 г,ground_coffee,Pyaterochka,230.0,2043.4347826086955,,,,
363,Чай черный Beta tea Golden quality 100х1.5г,449.99,100 шт,black_tea,Pyaterochka,150.0,2999.9333333333334,,,,
364,Чай черный Принцесса Гита Индийский 100х2г,179.19,100 шт,black_tea,Pyaterochka,200.0,895.95,,,,
366,Чай черный Curtis Tender Moments ароматизированный 100х1.5г,349.99,100 шт,black_tea,Pyaterochka,150.0,2333.266666666667,,,,
367,Соль поваренная пищевая 1кг,17.99,1 кг,salt,Pyaterochka,1000.0,17.99,,,,
368,Соль Salina пищевая каменная 1кг,38.99,1 кг,salt,Pyaterochka,1000.0,38.99,,,,
369,Соль Адыгейская Абадзехская 450г,47.99,450 г,salt,Pyaterochka,450.0,106.64444444444445,,,,
370,Соль Экстра выварочная пищевая 500г,83.99,500 г,salt,Pyaterochka,500.0,167.98,,,,
371,Соль Sea Salt морская пищевая крупная 500г,66.99,500 г,salt,Pyaterochka,500.0,133.98,,,,
372,Соль Валетек пищевая с пониженным содержанием натрия-калий-магний-йод 350г,82.99,350 г,salt,Pyaterochka,350.0,237.1142857142857,,,,
373,Масло подсолнечное Слобода рафинированное дезодорированное 1л,151.19,1 л,sunflower_oil,Pyaterochka,,,,,1000.0,151.19
374,Масло Олейна подсолнечное рафинированное дезодорированное 1с 1л,144.99,1 л,sunflower_oil,Pyaterochka,,,,,1000.0,144.99
375,Масло подсолнечное Благо дезодорированное вымороженное 1л,158.99,1 л,sunflower_oil,Pyaterochka,,,,,1000.0,158.99
376,Масло Золотая семечка подсолнечное рафинированное 1л,144.99,1 л,sunflower_oil,Pyaterochka,,,,,1000.0,144.99
377,Масло Золотая Семечка подсолнечное рафинированное 500мл,67.99,500 мл,sunflower_oil,Pyaterochka,,,,,500.0,135.98
378,Масло подсолнечное Слобода рафинированное 1.8л,267.99,1.8 л,sunflower_oil,Pyaterochka,,,,,1800.0,148.88333333333333
379,Масло Селяночка подсолнечное рафинированное дезодорированное 1л,144.99,1 л,sunflower_oil,Pyaterochka,,,,,1000.0,144.99
380,Масло Селяночка подсолнечное нерафинированное 650мл,123.99,650 мл,sunflower_oil,Pyaterochka,,,,,650.0,190.75384615384613
381,Масло подсолнечное Олейна рафинированное дезодорированное 1 сорт 2л,278.99,2 л,sunflower_oil,Pyaterochka,,,,,2000.0,139.495
382,Масло Mr. Ricco подсолнечное рафинированное дезодорированное 1л,159.99,1 л,sunflower_oil,Pyaterochka,,,,,1000.0,159.99
383,Вода Красная цена негазированная 5л,69.99,5 л,water,Pyaterochka,,,,,5000.0,13.997999999999998
384,Вода артезианская Societe Minerale питьевая негазированная 5л,89.99,5 л,water,Pyaterochka,,,,,5000.0,17.998
385,Вода питьевая Сенежская негазированная 1.5л,39.99,1.5 л,water,Pyaterochka,,,,,1500.0,26.66
386,Вода Honey Kid негазированная для детей 0+ мес. 5л,109.99,5 л,water,Pyaterochka,,,,,5000.0,21.998
387,Вода Святой источник природная негазированная 5л,144.99,5 л,water,Pyaterochka,,,,,5000.0,28.998000000000005
388,Вода Шишкин лес питьевая негазированная 5л,149.99,5 л,water,Pyaterochka,,,,,5000.0,29.998
389,Вода Пилигрим минеральная питьевая столовая негазированная 1.5л,44.99,1.5 л,water,Pyaterochka,,,,,1500.0,29.993333333333332
390,Вода Святой источник негазированная 1.5л,61.99,1.5 л,water,Pyaterochka,,,,,1500.0,41.32666666666667
391,Вода ФрутоНяня детская негазированная с 0 мес. 330мл,32.99,330 мл,water,Pyaterochka,,,,,330.0,99.96969696969697
392,Вода Черноголовка артезианская негазированная 2.5л,82.99,2.5 л,water,Pyaterochka,,,,,2500.0,33.196
393,Вода ФрутоНяня негазированная с 0 мес. 1.5л,50.99,1.5 л,water,Pyaterochka,,,,,1500.0,33.99333333333333
394,Вода Красная цена питьевая негазированная 1.5 л,24.99,1.5 л,water,Pyaterochka,,,,,1500.0,16.659999999999997
395,Вода Святой Источник Светлячок негазированная 5л,133.99,5 л,water,Pyaterochka,,,,,5000.0,26.798000000000002
396,Вода Шишкин лес питьевая негазированная 1.75л,69.99,1.75 л,water,Pyaterochka,,,,,1750.0,39.99428571428571
397,Вода Шишкин Лес питьевая негазированная 1л,52.99,1 л,water,Pyaterochka,,,,,1000.0,52.99
398,Вода Пилигрим минеральная негазированная 0.5л,31.99,500 мл,water,Pyaterochka,,,,,500.0,63.98
399,Вода Societe Minerale негазированная 1.5л,39.99,1.5 л,water,Pyaterochka,,,,,1500.0,26.66
400,Вода Архыз Вита горная для детей старше 3-х лет минеральная негазированная 5л,109.99,5 л,water,Pyaterochka,,,,,5000.0,21.998
401,Вода Святой источник Светлячок артезианская негазированная в ассортименте 330мл,37.99,350 мл,water,Pyaterochka,,,,,330.0,115.12121212121212
402,Вода Святой источник негазированная 1л,57.99,1 л,water,Pyaterochka,,,,,1000.0,57.99
403,Вода Святой источник негазированная 0.5л,44.99,500 мл,water,Pyaterochka,,,,,500.0,89.98
404,Вода Святой источник Спорт негазированная 750мл,63.99,750 мл,water,Pyaterochka,,,,,750.0,85.32000000000001
405,Вода Societe Minerale Originale негазированная 0.5л,29.99,500 мл,water,Pyaterochka,,,,,500.0,59.98
406,Вода питьевая Сенежская негазированная 0.5л,29.99,500 мл,water,Pyaterochka,,,,,500.0,59.98
407,Вода Святой источник Спортик артезианская йод-калиевая негазированная 0.33л,38.99,330 мл,water,Pyaterochka,,,,,330.0,118.15151515151516
408,Вода Арктик природная питьевая негазированная 2л,74.99,2 л,water,Pyaterochka,,,,,2000.0,37.495
409,Вода Honey Kid негазированная с 0 мес. 1.5л,46.99,1.5 л,water,Pyaterochka,,,,,1500.0,31.326666666666668
410,Вода Шишкин лес Спорт негазированная 400мл,52.99,400 мл,water,Pyaterochka,,,,,400.0,132.47500000000002
411,Вода Шишкин лес Спорт питьевая негазированная 1л,73.99,1 л,water,Pyaterochka,,,,,1000.0,73.99
412,Вода Архыз Горная детская природная питьевая детская столовая негазированная 1.5л,63.99,1.5 л,water,Pyaterochka,,,,,1500.0,42.660000000000004
413,Вода Baikal 430м природная негазированная 450мл,73.99,450 мл,water,Pyaterochka,,,,,450.0,164.42222222222222
414,Вода Baikal 430м Глубинная негазированная 0.85л,127.99,850 мл,water,Pyaterochka,,,,,850.0,150.57647058823528
415,Вода Aqua Minerale негазированная 1л,73.99,1 л,water,Pyaterochka,,,,,1000.0,73.99
416,Вода Aqua Minerale негазированная 0.5л,68.99,500 мл,water,Pyaterochka,,,,,500.0,137.98
417,Йогурт Растишка яблоко-груша с печеньем в шоколаде 3% 118г,63.99,118 г,yogurt,Pyaterochka,118.0,542.2881355932203,,,,
423,Йогурт Растишка Клубника со злаковым драже в шоколаде 3% 115г,68.99,115 г,yogurt,Pyaterochka,115.0,599.9130434782608,,,,
424,Йогурт Растишка со вкусом земляничного мороженого 2.6% 70г,54.99,70 г,yogurt,Pyaterochka,70.0,785.5714285714286,,,,
425,Йогурт Растишка Малина-банан с 3 лет 2.6% 70г,54.99,70 г,yogurt,Pyaterochka,70.0,785.5714285714286,,,,
426,Молоко ультрапастеризованное Агуша детское 3.2% с 3 лет 950г,154.99,925 мл,milk,Pyaterochka,,,,,925.0,167.55675675675678
427,Молоко стерилизованное Агуша детское 2.5% с 8 месяцев 200мл,52.99,200 мл,milk,Pyaterochka,,,,,200.0,264.95000000000005
428,Молоко стерилизованное Агуша детское  3.2% с 3 лет 500г,94.99,487 мл,milk,Pyaterochka,,,,,487.0,195.0513347022587
429,Молоко Ухтышки ультрапастеризованное для питания детей 3.2% 200мл,29.99,200 мл,milk,Pyaterochka,,,,,200.0,149.95
430,Молоко ЭкоНива детское ультрапастеризованное 3.2% БЗМЖ 200мл,36.99,200 мл,milk,Pyaterochka,,,,,200.0,184.95000000000002
431,"Макароны PASTA ZARA Спагетти, 500г",121.05,500г,spaghetti,Lenta,500.0,242.1,,,,
432,"Макароны DE CECCO Спагетти №12, 500г",382.49,500г,spaghetti,Lenta,500.0,764.98,,,,
433,"Макароны 365 ДНЕЙ Спагетти, группа В высший сорт, 400г",23.49,400г,spaghetti,Lenta,400.0,58.725,,,,
434,"Макароны AIDA Спагетти группа А высший сорт, 500г",84.2,500г,spaghetti,Lenta,500.0,168.4,,,,
435,"Макароны AMERIA Спагетти №3, группа В высший сорт, 900г",100.99,900г,spaghetti,Lenta,900.0,112.21111111111111,,,,
436,"Макароны GRANMULINO Premium Спагетти, 400г",107.49,400г,spaghetti,Lenta,400.0,268.72499999999997,,,,
437,"Макароны безглютеновые FEDERICI Спагетти, 400г",210.59,400г,spaghetti,Lenta,400.0,526.475,,,,
438,"Макароны ШЕБЕКИНСКИЕ Спагеттини №001, 450г",79.99,450г,spaghetti,Lenta,450.0,177.75555555555556,,,,
439,"Макароны GRAND DI PASTA Спагетти, 450г",104.2,450г,spaghetti,Lenta,450.0,231.55555555555557,,,,
440,"Макароны MAKFA Спагетти, вермишель длинная, 450г",74.99,450г,spaghetti,Lenta,450.0,166.64444444444442,,,,
441,"Макароны MARCO PANATTI Спагетти группа А высший сорт, 800г",90.49,800г,spaghetti,Lenta,800.0,113.1125,,,,
442,"Макароны ЛЕНТА Спагетти группа А, высший сорт, 450г",63.19,450г,spaghetti,Lenta,450.0,140.42222222222222,,,,
444,"Макароны MARCO PANATTI Спагетти, 400г",94.79,400г,spaghetti,Lenta,400.0,236.97500000000002,,,,
445,"Макароны ВЫБОР СЕМЬИ Спагетти группа В, 400г",42.19,400г,spaghetti,Lenta,400.0,105.475,,,,
446,"Филе грудки куриное ЛЕНТА FRESH, весовое",263.2,,chicken_fillet,Lenta,500.0,526.4,,,,
447,"Филе куриное ПЕТЕЛИНКА, весовое",521.09,,chicken_fillet,Lenta,1000.0,521.09,,,,
448,"Филе грудки куриное ПЕРВАЯ СВЕЖЕСТЬ, весовое",445.31,,chicken_fillet,Lenta,900.0,494.7888888888889,,,,
449,"Филе куриное ТРОЕКУРОВО, 900г",452.69,900г,chicken_fillet,Lenta,900.0,502.98888888888894,,,,
450,"Филе грудки ПАВА ПАВА большое, 800г",642.19,800г,chicken_fillet,Lenta,800.0,802.7375000000001,,,,
451,"Капуста белокочанная, весовая",155.97,,cabbage,Lenta,3000.0,51.99,,,,
452,"Морковь мытая, 1кг",78.99,1000г,carrot,Lenta,1000.0,78.99,,,,
453,"Томаты сливовидные, весовые",202.63,,tomato,Lenta,500.0,405.26,,,,
454,"Огурец длинноплодный, шт",136.89,1шт,cucumber,Lenta,300.0,456.29999999999995,,,,
455,"Капуста белокочанная новый урожай, весовая",284.28,,cabbage,Lenta,2700.0,105.28888888888888,,,,
456,"Морковь мытая, весовая",42.15,,carrot,Lenta,500.0,84.3,,,,
457,"Морковь мытая, 600г",73.69,600г,carrot,Lenta,600.0,122.81666666666666,,,,
458,"Лук репчатый, фасованный, весовой",110.54,,onion,Lenta,1500.0,73.69333333333333,,,,
459,"Томаты Бакинские, весовые",289.5,,tomato,Lenta,500.0,579.0,,,,
460,"Огурцы среднеплодные гладкие, весовые",110.53,,cucumber,Lenta,500.0,221.06,,,,
461,"Томаты розовые, Азербайджан, весовые",194.75,,tomato,Lenta,500.0,389.5,,,,
462,"Огурцы среднеплодные колючие, весовые",189.5,,cucumber,Lenta,500.0,379.0,,,,
463,"Огурцы короткоплодные колючие, весовые",194.75,,cucumber,Lenta,500.0,389.5,,,,
464,"Томаты Коричневые, весовые",268.45,,tomato,Lenta,500.0,536.9,,,,
465,"Огурцы среднеплодные Атлет колючие, 450г",263.19,450г,cucumber,Lenta,450.0,584.8666666666667,,,,
466,"Томаты черри микс, 250г",315.79,250г,tomato,Lenta,250.0,1263.16,,,,
467,"Морковь, весовая",18.42,,carrot,Lenta,500.0,36.84,,,,
468,"Лук репчатый, весовой",28.95,,onion,Lenta,500.0,57.9,,,,
469,"Баклажаны, весовые",121.05,,eggplant,Lenta,500.0,242.1,,,,
470,"Огурцы тепличные гладкие среднеплодные, 600г",263.19,600г,cucumber,Lenta,600.0,438.65,,,,
471,"Огурцы тепличные колючие среднеплодные, 600г",263.19,600г,cucumber,Lenta,600.0,438.65,,,,
472,"Огурцы короткоплодные ЛЕНТА FRESH колючие, 450г",305.29,450г,cucumber,Lenta,450.0,678.4222222222222,,,,
473,"Огурцы ЛЕНТА FRESH корнишоны, 300г",347.39,300г,cucumber,Lenta,300.0,1157.9666666666667,,,,
474,"Лук репчатый, 500г",94.79,500г,onion,Lenta,500.0,189.58,,,,
475,"Томаты черри ЛЕНТА FRESH на ветке, 250г",294.79,250г,tomato,Lenta,250.0,1179.16,,,,
476,"Томаты розовые ЛЕНТА FRESH Фермерские, весовые",231.6,,tomato,Lenta,500.0,463.2,,,,
477,"Лук репчатый отборный, 1кг",126.39,1000г,onion,Lenta,1000.0,126.39,,,,
478,"Томаты черри красные ФЛАМЕНКО на ветке, весовые",349.48,,tomato,Lenta,400.0,873.7,,,,
479,"Томаты сливовидные ФЛАМЕНКО, 450г",263.19,450г,tomato,Lenta,450.0,584.8666666666667,,,,
480,"Томаты черри коричневые, 200г",263.19,200г,tomato,Lenta,200.0,1315.95,,,,
481,"Томаты черри, 400г",489.47,400г,tomato,Lenta,400.0,1223.6750000000002,,,,
482,"Томаты коктейльные, 350г",273.69,350г,tomato,Lenta,350.0,781.9714285714285,,,,
483,"Томаты черри, на ветке, 400г",463.19,400г,tomato,Lenta,400.0,1157.975,,,,
484,"Томаты черри Сладкая ягода, 200г",322.1,200г,tomato,Lenta,200.0,1610.5,,,,
485,"Томаты черри сливовидные, 200г",221.09,200г,tomato,Lenta,200.0,1105.45,,,,
486,"Томаты черри Сладкая ягода оранжевые, 200г",289.49,200г,tomato,Lenta,200.0,1447.45,,,,
487,"Томаты черри красные тепличные, 200г",231.59,200г,tomato,Lenta,200.0,1157.95,,,,
488,"Томаты ФЛАМЕНКО сливовидные, весовые",252.65,,tomato,Lenta,500.0,505.29999999999995,,,,
489,"Томаты черри ФЛАМЕНКО красные, 250г",273.69,250г,tomato,Lenta,250.0,1094.76,,,,
490,"Томаты черри ВАУ круглые красные, 200г",263.19,200г,tomato,Lenta,200.0,1315.95,,,,
491,"Томаты ЛЕНТА FRESH коктейльные, на ветке, 350г",305.29,350г,tomato,Lenta,350.0,872.257142857143,,,,
492,"Томаты черри ВАУ круглые красные, на ветке, 200г",268.49,200г,tomato,Lenta,200.0,1342.45,,,,
493,"Кофе молотый TCHIBO Exclusive, 250г",729.47,250г,ground_coffee,Lenta,250.0,2917.88,,,,
494,"Кофе молотый ЖОКЕЙ По-Восточному натуральный жареный, 250г",422.1,250г,ground_coffee,Lenta,250.0,1688.4,,,,
495,"Кофе молотый ЖОКЕЙ По-Восточному, 450г",851.59,450г,ground_coffee,Lenta,450.0,1892.4222222222222,,,,
496,"Кофе молотый LAVAZZA Crema e Gusto натуральный жареный, 250г",579.99,250г,ground_coffee,Lenta,250.0,2319.96,,,,
497,"Кофе молотый LAVAZZA Qualita Rossa натуральный, 250г",726.31,250г,ground_coffee,Lenta,250.0,2905.24,,,,
498,"Кофе молотый JARDIN Dessert, 250г",592.63,250г,ground_coffee,Lenta,250.0,2370.52,,,,
499,"Кофе молотый JARDIN Espresso di Milano, 250г",575.78,250г,ground_coffee,Lenta,250.0,2303.12,,,,
500,"Кофе молотый ЛЕНТА жареный, 500г",684.29,500г,ground_coffee,Lenta,500.0,1368.58,,,,
501,"Кофе молотый LAVAZZA Qualita ORO натуральный жареный, 250г",1102.1,250г,ground_coffee,Lenta,250.0,4408.4,,,,
502,"Кофе молотый ЖОКЕЙ Ирландские сливки, 150г",371.49,150г,ground_coffee,Lenta,150.0,2476.6,,,,
503,"Кофе молотый JARDIN Americano Crema жареный, 250г",575.78,250г,ground_coffee,Lenta,250.0,2303.12,,,,
504,"Кофе молотый ЖОКЕЙ Традиционный жареный, 250г",592.63,250г,ground_coffee,Lenta,250.0,2370.52,,,,
505,"Кофе молотый EGOISTE Espresso, 250г",1021.05,250г,ground_coffee,Lenta,250.0,4084.2000000000003,,,,
507,"Кофе молотый MONARCH Original натуральный жареный, 230г",632.63,230г,ground_coffee,Lenta,230.0,2750.5652173913045,,,,
508,"Кофе молотый CARTE NOIRE натуральный жареный, 230г",726.99,230г,ground_coffee,Lenta,230.0,3160.8260869565215,,,,
509,"Кофе молотый MONARCH Original Классический натуральный жареный, 70г",210.52,70г,ground_coffee,Lenta,70.0,3007.4285714285716,,,,
510,"Кофе молотый ЛЕНТА Amaretto натуральный жареный, 150г",231.59,150г,ground_coffee,Lenta,150.0,1543.9333333333334,,,,
511,"Кофе молотый ЛЕНТА Irish cream натуральный жареный, 150г",231.59,150г,ground_coffee,Lenta,150.0,1543.9333333333334,,,,
512,"Кофе молотый 365 ДНЕЙ жареный, 250г",263.15,250г,ground_coffee,Lenta,250.0,1052.6,,,,
513,"Кофе молотый JARDIN Cafe Eclair жареный, 250г",496.49,250г,ground_coffee,Lenta,250.0,1985.96,,,,
514,"Кофе молотый ЛЕНТА натуральный жареный, 250г",421.05,250г,ground_coffee,Lenta,250.0,1684.2,,,,
515,"Кофе молотый EGOISTE Velvet, 200г",908.49,200г,ground_coffee,Lenta,200.0,4542.45,,,,
516,Кофе молотый ALTA ROMA Vero,713.69,250г,ground_coffee,Lenta,250.0,2854.76,,,,
517,"Кофе молотый JARDIN Bravo Brazilia жареный, 250г",1021.05,250г,ground_coffee,Lenta,250.0,4084.2000000000003,,,,
518,"Кофе молотый JARDIN Эфиопия Эйфория жаренный, 250г",1021.05,250г,ground_coffee,Lenta,250.0,4084.2000000000003,,,,
519,"Кофе молотый BUSHIDO Sensei, 227г",1021.05,227г,ground_coffee,Lenta,227.0,4498.0176211453745,,,,
520,"Кофе молотый BUSHIDO Red Katana, 227г",1021.05,227г,ground_coffee,Lenta,227.0,4498.0176211453745,,,,
521,"Кофе молотый BUSHIDO Specialty, 227г",1102.1,227г,ground_coffee,Lenta,227.0,4855.066079295153,,,,
522,"Кофе молотый BUSHIDO Black Katana, 227г",1021.05,227г,ground_coffee,Lenta,227.0,4498.0176211453745,,,,
523,"Кофе молотый ЛЕНТА натуральный жареный с ароматом лесного ореха, 150г",231.59,150г,ground_coffee,Lenta,150.0,1543.9333333333334,,,,
524,"Кофе молотый FRESCO Arabica Solo, 200г",503.19,200г,ground_coffee,Lenta,200.0,2515.9500000000003,,,,
525,"Кофе молотый CARTE NOIRE Crema delice натуральный жареный, 230г",982.99,230г,ground_coffee,Lenta,230.0,4273.869565217391,,,,
526,"Кофе молотый EGOISTE Grand Cru, 250г",1191.57,250г,ground_coffee,Lenta,250.0,4766.28,,,,
527,"Кофе молотый BONVIDA натуральный жареный средняя обжарка, 1кг",1999.99,1000г,ground_coffee,Lenta,1000.0,1999.99,,,,
528,"Кофе молотый ЖИВОЙ КОФЕ Арабика, 200г",454.73,200г,ground_coffee,Lenta,200.0,2273.65,,,,
529,"Кофе молотый CARTE NOIRE Intense Absolu натуральный жареный, 230г",982.99,230г,ground_coffee,Lenta,230.0,4273.869565217391,,,,
530,"Кофе молотый FRESCO Arabica Blend, 250г",575.79,250г,ground_coffee,Lenta,250.0,2303.16,,,,
531,"Кофе молотый для турки и чашки FRESCO Arabica Gusto, 250г",551.57,250г,ground_coffee,Lenta,250.0,2206.28,,,,
532,"Кофе молотый JARDIN Ориджинал оро жареный, 250г",818.94,250г,ground_coffee,Lenta,250.0,3275.76,,,,
533,"Кофе молотый PREMIUM CLUB Classic, 250г",631.57,250г,ground_coffee,Lenta,250.0,2526.28,,,,
534,"Кофе молотый PREMIUM CLUB Espresso, 250г",631.57,250г,ground_coffee,Lenta,250.0,2526.28,,,,
535,"Кофе молотый POETTI Daily Arabica для чашки, 250г",583.49,250г,ground_coffee,Lenta,250.0,2333.96,,,,
536,"Кофе молотый POETTI Daily Classic Crema, 250г",559.99,250г,ground_coffee,Lenta,250.0,2239.96,,,,
537,"Кофе молотый POETTI Daily Mokka, 250г",559.99,250г,ground_coffee,Lenta,250.0,2239.96,,,,
538,"Кофе молотый POETTI Leggenda Original натуральный жареный, 250г",762.1,250г,ground_coffee,Lenta,250.0,3048.4,,,,
539,"Кофе молотый POETTI Leggenda Ruby натуральный жареный, 250г",762.1,250г,ground_coffee,Lenta,250.0,3048.4,,,,
540,"Кофе молотый MACCOFFEE Pure Espresso Forte натуральный жареный, 250г",518.99,250г,ground_coffee,Lenta,250.0,2075.96,,,,
541,"Кофе молотый ЖОКЕЙ Классический жареный, 100г",226.31,100г,ground_coffee,Lenta,100.0,2263.1,,,,
542,"Кофе молотый ЖОКЕЙ По-восточному жареный, 100г",226.31,100г,ground_coffee,Lenta,100.0,2263.1,,,,
543,"Кофе молотый ROMEO ROSSI Crema натуральный жареный, 250г",681.05,250г,ground_coffee,Lenta,250.0,2724.2,,,,
544,"Кофе молотый ROMEO ROSSI Intenso натуральный жарнный, 250г",497.99,250г,ground_coffee,Lenta,250.0,1991.96,,,,
545,"Кофе молотый 365 ДНЕЙ жареный, 100г",105.26,100г,ground_coffee,Lenta,100.0,1052.6,,,,
546,"Кофе молотый EGOISTE Captain, 250г",1109.49,250г,ground_coffee,Lenta,250.0,4437.96,,,,
547,"Кофе молотый EGOISTE Voyage, 250г",1118.99,250г,ground_coffee,Lenta,250.0,4475.96,,,,
548,"Кофе молотый AMBASSADOR Adora натуральный жареный, темная обжарка, 95г",269.49,95г,ground_coffee,Lenta,95.0,2836.7368421052633,,,,
549,"Кофе молотый MONARCH Brazilian Selection натуральный жареный, 230г",476.49,230г,ground_coffee,Lenta,230.0,2071.695652173913,,,,
550,"Кофе молотый JULIUS MEINL Ароматный, 220г",993.68,220г,ground_coffee,Lenta,220.0,4516.727272727272,,,,
551,"Кофе молотый MARCO PANATTI Delicato, 250г",526.31,250г,ground_coffee,Lenta,250.0,2105.24,,,,
552,"Кофе молотый MARCO PANATTI Intenso, 250г",477.49,250г,ground_coffee,Lenta,250.0,1909.96,,,,
553,"Кофе молотый COFFESSO Crema, 250г",543.15,250г,ground_coffee,Lenta,250.0,2172.6,,,,
554,"Кофе молотый COFFESSO Mokka, 250г",498.99,250г,ground_coffee,Lenta,250.0,1995.96,,,,
555,"Кофе молотый COFFESSO Allure, 250г",594.49,250г,ground_coffee,Lenta,250.0,2377.96,,,,
556,"Кофе молотый POETTI Soul of Havana, 200г",629.47,200г,ground_coffee,Lenta,200.0,3147.3500000000004,,,,
557,"Кофе молотый POETTI Soul of Rome, 200г",438.49,200г,ground_coffee,Lenta,200.0,2192.45,,,,
558,"Кофе молотый POETTI Soul of Istanbu, 200г",563.15,200г,ground_coffee,Lenta,200.0,2815.75,,,,
561,"Кофе молотый JULIUS MEINL Prasident натуральный жареный, 220г",1021.05,220г,ground_coffee,Lenta,220.0,4641.136363636363,,,,
562,"Кофе молотый TIBIO Gold Мокка натуральный жареный, 250г",672.63,250г,ground_coffee,Lenta,250.0,2690.52,,,,
563,"Кофе молотый COFFEE TURCA Special Turkish, 250г",1143.15,250г,ground_coffee,Lenta,250.0,4572.6,,,,
567,"Кофе молотый MONARCH Origins Tropical Selection, 230г",939.99,230г,ground_coffee,Lenta,230.0,4086.913043478261,,,,
568,"Кофе молотый COFFESSO Jezva Red, 100г",244.2,100г,ground_coffee,Lenta,100.0,2441.9999999999995,,,,
569,"Кофе молотый TCHIBO Фэмили натуральный жареный, 500г",1279.99,500г,ground_coffee,Lenta,500.0,2559.98,,,,
570,"Кофе молотый ALTA ROMA Caffe Latte, 250г",503.19,250г,ground_coffee,Lenta,250.0,2012.7600000000002,,,,
571,"Кофе молотый ALTA ROMA Arabica Classico, 250г",729.49,250г,ground_coffee,Lenta,250.0,2917.96,,,,
572,"Кофе молотый TIBIO Фэмили натуральный жареный, 250г",713.69,250г,ground_coffee,Lenta,250.0,2854.76,,,,
573,"Кофе молотый TIBIO Голд Селекшн натуральный жареный, 250г",647.39,250г,ground_coffee,Lenta,250.0,2589.56,,,,
574,"Кофе молотый TIBIO Голд Мокка Итальяно натуральный жареный, 250г",647.39,250г,ground_coffee,Lenta,250.0,2589.56,,,,
577,"Кофе молотый COFFESSO Бленд арабики и робусты, для чашки и турки, 200г",422.19,200г,ground_coffee,Lenta,200.0,2110.95,,,,
578,"Кофе молотый COFFESSO Jezva Gold 100% Arabica, 100г",304.29,100г,ground_coffee,Lenta,100.0,3042.9000000000005,,,,
579,"Кофе молотый COFFESSO Jezva Gold 100% Arabica, 200г",567.39,200г,ground_coffee,Lenta,200.0,2836.95,,,,
580,Кофе COFFESSO MASSIMO молотый м/у,729.49,250г,ground_coffee,Lenta,250.0,2917.96,,,,
581,Кофе COFFESSO VELUTTO молотый м/у,891.59,250г,ground_coffee,Lenta,250.0,3566.36,,,,
582,"Соус PAN-ASIAN Рыбный, 250мл",210.52,250мл,fish_sauce,Lenta,,,,,250.0,842.08
583,"Багет ЛЕНТА FRESH Французский, 300г",57.89,300г,bread,Lenta,300.0,192.96666666666667,,,,
584,"Хлеб ЛЕНТА FRESH Балтийский с сыром, 400г",85.49,400г,bread,Lenta,400.0,213.725,,,,
585,"Хлеб ЛЕНТА FRESH Балтийский, 400г",57.89,400г,bread,Lenta,400.0,144.725,,,,
586,"Багет ЛЕНТА FRESH Парижский классический, 300г",90.59,300г,bread,Lenta,300.0,301.96666666666664,,,,
587,"Хлеб ЛЕНТА FRESH Дарницкий, 300г",27.36,300г,bread,Lenta,300.0,91.2,,,,
588,"Хлеб заварной ЛЕНТА FRESH Бородинский, 400г",93.49,400г,bread,Lenta,400.0,233.725,,,,
589,"Хлеб ЛЕНТА FRESH Сицилийский с итальянскими травами, 300г",84.2,300г,bread,Lenta,300.0,280.6666666666667,,,,
590,"Хлеб пшеничный ЛЕНТА FRESH на опаре, 300г",32.49,300г,bread,Lenta,300.0,108.30000000000001,,,,
591,"Багет ЛЕНТА FRESH Французский, мини, 100г",13.49,1*100г,bread,Lenta,100.0,134.9,,,,
592,"Хлеб ЛЕНТА FRESH Кукурузный особый, 350г",102.99,350г,bread,Lenta,350.0,294.2571428571428,,,,
593,"Багет ЛЕНТА FRESH Традиционный, 230г",69.49,230г,bread,Lenta,230.0,302.13043478260863,,,,
594,"Хлеб зерновой ЛЕНТА FRESH Идеальная фигура, 360г",109.99,360г,bread,Lenta,360.0,305.52777777777777,,,,
595,"Хлеб зерновой бездрожжевой ЛЕНТА FRESH, 400г",136.84,400г,bread,Lenta,400.0,342.1,,,,
596,"Хлеб бездрожжевой ЛЕНТА FRESH, 400г",85.49,400г,bread,Lenta,400.0,213.725,,,,
597,"Багет пшеничный ЛЕНТА FRESH Деревенский, на закваске, 300г",85.49,300г,bread,Lenta,300.0,284.96666666666664,,,,
598,"Багет ржано-пшеничный ЛЕНТА FRESH Деревенский, на закваске, весовой",82.95,,bread,Lenta,300.0,276.5,,,,
599,"Хлеб ЛЕНТА FRESH Купеческий, на закваске, весовой",154.0,,bread,Lenta,500.0,308.0,,,,
600,"Багет ЛЕНТА FRESH с начинкой пицца, 140г",64.49,140г,bread,Lenta,140.0,460.6428571428571,,,,
601,"Хлеб ЛЕНТА FRESH Чиабатта на закваске, 250г",55.78,250г,bread,Lenta,250.0,223.12,,,,
602,"Хлеб ржаной ЛЕНТА FRESH Чиабатта на закваске, 250г",58.99,250г,bread,Lenta,250.0,235.96,,,,
603,"Хлеб пшенично-ржаной бездрожжевой ЛЕНТА FRESH, 300г",78.94,300г,bread,Lenta,300.0,263.1333333333333,,,,
604,"Хлеб ЛЕНТА FRESH Польза Чиа на закваске, 300г",70.49,300г,bread,Lenta,300.0,234.96666666666667,,,,
605,"Хлеб ЛЕНТА FRESH Энергия полбы, на закваске, 300г",70.49,300г,bread,Lenta,300.0,234.96666666666667,,,,
606,"Хлеб ЛЕНТА FRESH Многозерновой, 400г",85.49,400г,bread,Lenta,400.0,213.725,,,,
607,"Батон ЛЕНТА FRESH Городской на опаре, 300г",42.99,300г,bread,Lenta,300.0,143.3,,,,
608,"Хлеб ЛЕНТА FRESH Деревенский на закваске, 400г",53.49,400г,bread,Lenta,400.0,133.72500000000002,,,,
609,"Хлеб ЛЕНТА FRESH Славянский на закваске, 500г",64.49,500г,bread,Lenta,500.0,128.98,,,,
610,"Батон ЛЕНТА FRESH Гусарский на закваске, весовой",121.19,,bread,Lenta,600.0,201.98333333333332,,,,
611,"Хлеб ЛЕНТА FRESH Рижский на закваске, 500г",94.73,500г,bread,Lenta,500.0,189.46,,,,
612,"Хлеб пшеничный формовой ЛЕНТА FRESH 1-й сорт, на закваске, 450г",53.49,450г,bread,Lenta,450.0,118.86666666666667,,,,
613,"Хлеб ЛЕНТА FRESH с отрубями на закваске, 300г",42.19,300г,bread,Lenta,300.0,140.63333333333333,,,,
614,"Хлеб ЛЕНТА FRESH Солнышко на закваске, 500г",68.42,500г,bread,Lenta,500.0,136.84,,,,
615,"Хлеб ЛЕНТА FRESH Домашний с кунжутом на закваске, 250г",32.49,250г,bread,Lenta,250.0,129.96,,,,
616,"Хлеб ЛЕНТА FRESH Семизерновой ароматный на закваске, 400г",95.99,400г,bread,Lenta,400.0,239.975,,,,
617,"Хлеб ЛЕНТА FRESH Мариинский на закваске, 300г",58.99,300г,bread,Lenta,300.0,196.63333333333333,,,,
618,"Хлеб ЛЕНТА FRESH Питательный Киноа на закваске, 250г",80.99,250г,bread,Lenta,250.0,323.96,,,,
619,"Багет ржаной, 200г",42.99,200г,bread,Lenta,200.0,214.95,,,,
620,"Багет Лента Парижский, 170г",26.99,170г,bread,Lenta,170.0,158.76470588235293,,,,
621,"Багет Прованс, 200г",74.99,200г,bread,Lenta,200.0,374.94999999999993,,,,
622,"Багет с ветчиной и сыром, 250г",85.49,250г,bread,Lenta,250.0,341.96,,,,
623,"Багет с луком, 190г",84.2,190г,bread,Lenta,190.0,443.15789473684214,,,,
624,Хлеб Нордик с орехами и сухофруктами на закваске (СП) ЛЕНТА FRESH,105.29,170г,bread,Lenta,170.0,619.3529411764706,,,,
625,"Крупа гречневая АЛТАЙСКАЯ СКАЗКА быстроразваривающаяся Экстра, ядрица, 800г",150.59,800г,buckwheat,Lenta,800.0,188.2375,,,,
626,"Продукт белковый РОССОЯ Тофу натуральный, 120г",89.49,120г,tofu,Lenta,120.0,745.7499999999999,,,,
627,"Продукт соевый REGALIO VEGAN Тофу Классический, 200г",126.39,200г,tofu,Lenta,200.0,631.95,,,,
628,"Тофу VEG`S Оригинальный, 250г",141.99,250г,tofu,Lenta,250.0,567.96,,,,
629,"Тофу ЛЕНТА LIFE, 120г",94.79,120г,tofu,Lenta,120.0,789.9166666666667,,,,
630,"Рис круглозерный МИСТРАЛЬ Кубань 1-й сорт, 900г",178.49,900г,rice,Lenta,900.0,198.32222222222222,,,,
631,"Филе куриное ПЕТЕЛИНКА, 550г",304.49,550г,chicken_fillet,Lenta,550.0,553.6181818181818,,,,
632,"Яйцо куриное СМЕТАНИНО От молодой курицы С2, 10шт",142.19,10шт,egg,Lenta,,,10.0,14.219,,
633,"Рис НАЦИОНАЛЬ Краснодарский 1-й сорт, 900г",151.49,900г,rice,Lenta,900.0,168.32222222222222,,,,
634,"Крупа гречневая НАЦИОНАЛЬ ядрица, быстроразваривающаяся 1-й сорт, 900г",126.39,900г,buckwheat,Lenta,900.0,140.43333333333334,,,,
635,"Крупа гречневая PROSTO высший сорт, в пакетиках, 8х62,5г",100.99,500г,buckwheat,Lenta,500.0,201.98,,,,
636,"Рис PROSTO Золотистый 1-й сорт, в пакетиках, 8х62,5г",159.99,500г,rice,Lenta,500.0,319.98,,,,
637,"Крупа гречневая МИСТРАЛЬ ядрица высший сорт, 900г",146.99,900г,buckwheat,Lenta,900.0,163.32222222222222,,,,
638,"Рис НАЦИОНАЛЬ Золотистый 1-й сорт, 1,5кг",347.36,"1,5кг",rice,Lenta,1500.0,231.57333333333335,,,,
639,"Рис НАЦИОНАЛЬ Краснодарский 1-й сорт, 1,5кг",241.49,"1,5кг",rice,Lenta,1500.0,160.99333333333334,,,,
640,"Рис НАЦИОНАЛЬ Отборный 1-й сорт, 1,5кг",424.49,"1,5кг",rice,Lenta,1500.0,282.99333333333334,,,,
641,"Рис пропаренный АГРО-АЛЬЯНС Gold, 900г",159.49,900г,rice,Lenta,900.0,177.21111111111114,,,,
642,"Рис кубанский АГРО-АЛЬЯНС Экстра Элитный, 1-й сорт, 900г",147.39,900г,rice,Lenta,900.0,163.76666666666665,,,,
643,"Крупа гречневая АГРО-АЛЬЯНС Экстра Элитная высший сорт, 900г",125.99,900г,buckwheat,Lenta,900.0,139.98888888888888,,,,
644,"Рис длиннозерный МИСТРАЛЬ Басмати, 500г",265.49,500г,rice,Lenta,500.0,530.98,,,,
645,"Рис длиннозерный МИСТРАЛЬ Жасмин, 500г",184.2,500г,rice,Lenta,500.0,368.4,,,,
646,"Рис длиннозерный ЛЕНТА 1-й сорт, 900г",136.89,900г,rice,Lenta,900.0,152.1,,,,
647,"Рис АГРО-АЛЬЯНС Супер Басмати, Экстра, 500г",223.49,500г,rice,Lenta,500.0,446.98,,,,
648,"Рис бурый АГРО-АЛЬЯНС Экстра Slim&Fit, нешлифованный, 1-й сорт, 800г",142.1,800г,rice,Lenta,800.0,177.625,,,,
649,"Рис для японской кухни АГРО-АЛЬЯНС Экстра Sushi шлифованный, 1-й сорт, 500г",117.49,500г,rice,Lenta,500.0,234.98,,,,
650,"Крупа гречневая ПАССИМ Алтайская, высший сорт, 800г",99.99,800г,buckwheat,Lenta,800.0,124.98749999999998,,,,
651,"Крупа гречневая УВЕЛКА Экстра, 800г",170.49,800г,buckwheat,Lenta,800.0,213.1125,,,,
652,"Рис круглозерный УВЕЛКА шлифованный, 800г",140.99,800г,rice,Lenta,800.0,176.2375,,,,
653,"Рис НАЦИОНАЛЬ Басмати шлифованный 1-й сорт, 500г",205.29,500г,rice,Lenta,500.0,410.58,,,,
654,"Крупа гречневая ЛЕНТА 1-й сорт, в пакетиках, 5х100г",63.19,500г,buckwheat,Lenta,500.0,126.38,,,,
655,"Рис длиннозерный ЛЕНТА пропаренный 1-й сорт, в пакетиках, 5х100г",114.79,500г,rice,Lenta,500.0,229.58,,,,
656,"Рис длиннозерный ЛЕНТА Жасмин 1-й сорт, 1500г",284.29,1500г,rice,Lenta,1500.0,189.52666666666667,,,,
657,"Рис круглозерный ЛЕНТА высший сорт, в пакетиках, 5х100г",106.49,500г,rice,Lenta,500.0,212.98,,,,
658,"Крупа гречневая MAKFA ядрица быстроразваривающаяся, высший сорт, 800г",126.31,800г,buckwheat,Lenta,800.0,157.88750000000002,,,,
659,"Рис длиннозерный MAKFA шлифованный 1-й сорт, 800г",162.49,800г,rice,Lenta,800.0,203.1125,,,,
660,"Рис для плова НАЦИОНАЛЬ 1-й сорт, 900г",146.99,900г,rice,Lenta,900.0,163.32222222222222,,,,
661,"Рис НАЦИОНАЛЬ Адриатика 1-й сорт, 900г",170.49,900г,rice,Lenta,900.0,189.43333333333334,,,,
662,"Рис НАЦИОНАЛЬ Азиатский 1-й сорт, 900г",242.1,900г,rice,Lenta,900.0,269.0,,,,
663,"Рис НАЦИОНАЛЬ Гигант 1-й сорт, 800г",209.99,800г,rice,Lenta,800.0,262.4875,,,,
664,"Крупа гречневая MAKFA Экстра в пакетиках, 6х66г",89.47,400г,buckwheat,Lenta,396.0,225.93434343434342,,,,
665,"Рис для плова АГРО-АЛЬЯНС Экстра, 900г",163.15,900г,rice,Lenta,900.0,181.2777777777778,,,,
666,"Крупа гречневая УВЕЛКА ядрица в пакетиках Экстра, 5х80г",110.52,400г,buckwheat,Lenta,400.0,276.3,,,,
667,"Рис круглозерный УВЕЛКА в пакетиках, 5х80г",111.49,400г,rice,Lenta,400.0,278.725,,,,
668,"Рис длиннозерный УВЕЛКА шлифованный в пакетиках, 5х80г",116.99,400г,rice,Lenta,400.0,292.47499999999997,,,,
669,"Рис длиннозерный УВЕЛКА пропаренный в пакетиках, 5х80г",120.99,400г,rice,Lenta,400.0,302.47499999999997,,,,
670,"Крупа гречневая ПАССИМ Алтайская, высший сорт, 4х125г",89.47,500г,buckwheat,Lenta,500.0,178.94,,,,
671,"Рис длиннозерный ПАССИМ Азиатский, в пакетиках, 4х125г",157.89,500г,rice,Lenta,500.0,315.78,,,,
672,"Рис круглозерный ПАССИМ Дальневосточный высший сорт, в пакетиках, 4х125г",115.49,500г,rice,Lenta,500.0,230.98,,,,
673,"Крупа гречневая МИСТРАЛЬ ядрица высший сорт, 2000г",330.99,2000г,buckwheat,Lenta,2000.0,165.495,,,,
674,"Рис круглозерный MAKFA шлифованный, 800г",160.99,800г,rice,Lenta,800.0,201.2375,,,,
675,"Рис длиннозерный MAKFA пропаренный, 800г",159.49,800г,rice,Lenta,800.0,199.3625,,,,
676,"Рис кубанский АГРО-АЛЬЯНС Экстра Кулон 1-й сорт, 900г",152.63,900г,rice,Lenta,900.0,169.58888888888887,,,,
677,"Рис круглозерный ПАССИМ Дальневосточный высший сорт, 800г",179.99,800г,rice,Lenta,800.0,224.9875,,,,
678,"Рис круглозерный ЛЕНТА 1-й сорт, 1500г",210.59,1500г,rice,Lenta,1500.0,140.39333333333335,,,,
679,"Рис НАЦИОНАЛЬ Бальдо, 800г",146.99,800г,rice,Lenta,800.0,183.7375,,,,
680,"Рис для гарнира PROSTO в пакетиках, 8х62,5г",130.49,500г,rice,Lenta,500.0,260.98,,,,
681,"Крупа гречневая МИСТРАЛЬ ядрица высший сорт, в пакетиках, 5х80г",123.49,400г,buckwheat,Lenta,400.0,308.72499999999997,,,,
682,"Рис круглозерный MAKFA шлифованный, в пакетиках, 400г",105.29,400г,rice,Lenta,400.0,263.225,,,,
683,"Рис круглозерный МИСТРАЛЬ Кубань 1-й сорт, в пакетиках, 5х80г",117.49,400г,rice,Lenta,400.0,293.725,,,,
685,"Рис длиннозерный PROSTO Жасмин, в пакетиках, 8х62,5г",163.15,500г,rice,Lenta,500.0,326.3,,,,
686,"Рис АГРО-АЛЬЯНС Экстра Gold пропаренный в пакетиках, 5х80г",124.49,400г,rice,Lenta,400.0,311.22499999999997,,,,
687,"Крупа гречневая АГРО-АЛЬЯНС Экстра Элитная в пакетиках, 5х80г",106.49,400г,buckwheat,Lenta,400.0,266.22499999999997,,,,
688,"Крупа гречневая ТЕПЛЫЕ ТРАДИЦИИ ядрица 1-й сорт, 900г",89.15,900г,buckwheat,Lenta,900.0,99.05555555555556,,,,
689,"Рис НАЦИОНАЛЬ Лазер, 800г",139.99,800г,rice,Lenta,800.0,174.9875,,,,
690,"Рис АГРО-АЛЬЯНС Красный рубин, в пакетиках, 5х80г",221.05,400г,rice,Lenta,400.0,552.625,,,,
691,"Рис МИСТРАЛЬ Жасмин, в пакетиках, 5х80г",178.94,400г,rice,Lenta,400.0,447.34999999999997,,,,
692,"Рис НАЦИОНАЛЬ Premium Интеграле, 500г",136.89,500г,rice,Lenta,500.0,273.78,,,,
693,"Рис для плова МИСТРАЛЬ, 900г",189.47,900г,rice,Lenta,900.0,210.5222222222222,,,,
694,"Крупа гречневая ЛЕНТА быстроразваривающаяся, 1,5кг",136.89,1500г,buckwheat,Lenta,1500.0,91.25999999999999,,,,
695,"Рис длиннозерный УВЕЛКА пропаренный, 800г",127.49,800г,rice,Lenta,800.0,159.36249999999998,,,,
696,"Рис для традиционного плова МИСТРАЛЬ, 2кг",621.09,2кг,rice,Lenta,2000.0,310.545,,,,
697,"Рис УВЕЛКА Жасмин, 500г",170.49,500г,rice,Lenta,500.0,340.98,,,,
698,"Рис длиннозерный УВЕЛКА классический, 800г",189.49,800г,rice,Lenta,800.0,236.8625,,,,
699,"Рис SHANTI Басмати, 2кг",652.69,2000г,rice,Lenta,2000.0,326.345,,,,
700,"Рис MAKFA Басмати, шлифованный, в пакетиках, 6х66,6г",159.49,400г,rice,Lenta,399.6,399.12412412412414,,,,
701,"Рис длиннозерный ЛЕНТА Жасмин, 5х80г",136.84,400г,rice,Lenta,400.0,342.1,,,,
702,"Крупа гречневая ЛЕНТА в пакетиках, 5х80г",73.69,400г,buckwheat,Lenta,400.0,184.225,,,,
703,"Рис ЛЕНТА пропаренный, в пакетиках, 5х80г",105.29,400г,rice,Lenta,400.0,263.225,,,,
704,"Рис круглозерный ЛЕНТА в пакетиках, 5х80г",84.29,400г,rice,Lenta,400.0,210.72500000000002,,,,
705,"Крупа гречневая 365 ДНЕЙ 1-й сорт, 1кг",59.99,1000г,buckwheat,Lenta,1000.0,59.99,,,,
706,"Рис для плова ВЫБОР СЕМЬИ, 700г",94.79,700г,rice,Lenta,700.0,135.41428571428574,,,,
707,"Рис длиннозерный ВЫБОР СЕМЬИ 3-й сорт, 2кг",273.69,2000г,rice,Lenta,2000.0,136.845,,,,
708,"Рис круглозерный ВЫБОР СЕМЬИ, 2кг",276.49,2000г,rice,Lenta,2000.0,138.245,,,,
709,"Крупа гречневая ВЫБОР СЕМЬИ 1-й сорт, 1кг",69.49,1000г,buckwheat,Lenta,1000.0,69.49,,,,
710,"Рис бурый ЛЕНТА LIFE, 800г",106.49,800г,rice,Lenta,800.0,133.11249999999998,,,,
711,"Рис круглозерный ЛЕНТА 1-й сорт, 1кг",132.99,1000г,rice,Lenta,1000.0,132.99,,,,
712,"Крупа гречневая ЛЕНТА, 1кг",84.29,1000г,buckwheat,Lenta,1000.0,84.29,,,,
713,"Рис для плова ЛЕНТА, 2кг",276.49,2000г,rice,Lenta,2000.0,138.245,,,,
714,"Рис ЛЕНТА Басмати, 1кг",273.68,1000г,rice,Lenta,1000.0,273.68,,,,
715,"Рис среднезерный НАЦИОНАЛЬ Пилаф, шлифованный, 800г",185.99,800г,rice,Lenta,800.0,232.4875,,,,
716,"Крупа гречневая ВЫБОР СЕМЬИ 1-й сорт, 2кг",189.49,2000г,buckwheat,Lenta,2000.0,94.745,,,,
717,"Рис длиннозерный 365 ДНЕЙ 3-й сорт, 1кг",123.49,1000г,rice,Lenta,1000.0,123.49,,,,
718,"Рис длиннозерный пропаренный SHANTI Басмати, шлифованный 1-й сорт, 5кг",1713.99,5000г,rice,Lenta,5000.0,342.798,,,,
719,"Рис длиннозерный ЛЕНТА, 1кг",148.99,1000г,rice,Lenta,1000.0,148.99,,,,
720,"Рис ЛЕНТА пропаренный 1-й сорт, 1кг",138.49,1000г,rice,Lenta,1000.0,138.49,,,,
721,"Рис АГРО-АЛЬЯНС Супер Басмати, Экстра, в пакетиках, 5х80г",168.49,400г,rice,Lenta,400.0,421.225,,,,
722,"Рис круглозерный 365 ДНЕЙ, 1кг",95.99,1000г,rice,Lenta,1000.0,95.99,,,,
723,"Гречка PROSTO для гарнира, в пакетиках, 8х62,5г",115.79,500г,buckwheat,Lenta,500.0,231.58,,,,
724,"Рис длиннозерный PROSTO Здоровье, нешлифованный очищенный 1-й сорт, в пакетиках, 8х62,5г",157.89,500г,rice,Lenta,500.0,315.78,,,,
725,"Рис для ризотто MARCO PANATTI, 500г",136.84,500г,rice,Lenta,500.0,273.68,,,,
726,"Рис для японской кухни PAN-ASIAN Для суши, 500г",119.49,500г,rice,Lenta,500.0,238.98,,,,
727,"Рис круглозерный ВЫБОР СЕМЬИ в пакетиках, 5х80г",73.68,400г,rice,Lenta,400.0,184.20000000000002,,,,
728,"Апельсины, весовые",78.95,,orange,Lenta,500.0,157.9,,,,
729,"Бананы, весовые",214.73,,banana,Lenta,1200.0,178.94166666666666,,,,
730,"Апельсины для сока, фасованные, весовые",322.13,,orange,Lenta,1700.0,189.48823529411766,,,,
731,"Апельсины красные, с красной мякотью, весовые",147.4,,orange,Lenta,500.0,294.8,,,,
732,"Апельсины отборные Навел, фасованные, весовые",560.1,,orange,Lenta,1900.0,294.7894736842105,,,,
733,"Апельсины с красной мякотью, весовые",131.6,,orange,Lenta,500.0,263.2,,,,
734,"Апельсины отборные Навел, весовые",147.41,,orange,Lenta,700.0,210.5857142857143,,,,
735,"Бананы, фасованные, весовые",235.79,,banana,Lenta,1400.0,168.42142857142855,,,,
736,"Манго желтое спелое, весовое",550.04,,mango,Lenta,950.0,578.9894736842105,,,,
737,"Чай черный AHMAD TEA English №1 с бергамотом, 100пак",584.2,100пак,black_tea,Lenta,200.0,2921.0000000000005,,,,
738,"Чай черный ПРИНЦЕССА КАНДИ Цейлонский листовой, 200г",253.68,200г,black_tea,Lenta,200.0,1268.3999999999999,,,,
739,"Чай черный AHMAD TEA English Breakfast, 100пак",648.49,100пак,black_tea,Lenta,200.0,3242.45,,,,
740,"Чай черный ПРИНЦЕССА НУРИ Солнце Цейлона листовой, 250г",375.49,250г,black_tea,Lenta,250.0,1501.96,,,,
741,"Чай черный ПРИНЦЕССА НУРИ Высокогорный байховый листовой, 100пак",341.05,100пак,black_tea,Lenta,200.0,1705.2500000000002,,,,
742,"Чай черный ПРИНЦЕССА НУРИ Высокогорный байховый, 100пак",223.19,100пак,black_tea,Lenta,200.0,1115.95,,,,
743,"Чай черный ПРИНЦЕССА НУРИ Отборный, 100пак",341.05,100пак,black_tea,Lenta,200.0,1705.2500000000002,,,,
744,"Чай черный AHMAD TEA Tea Earl Grey с бергамотом байховый, 100пак",648.49,100пак,black_tea,Lenta,200.0,3242.45,,,,
745,"Чай зеленый GREENFIELD Flying Dragon, 25пак",142.49,25пак,green_tea,Lenta,45.0,3166.444444444445,,,,
746,"Чай зеленый GREENFIELD Jasmine Dream, 25пак",142.49,25пак,green_tea,Lenta,50.0,2849.8,,,,
747,"Чай черный GREENFIELD Golden Ceylon, 25пак",142.49,25пак,black_tea,Lenta,50.0,2849.8,,,,
748,"Чай черный 365 ДНЕЙ, 100пак",89.49,100пак,black_tea,Lenta,180.0,497.16666666666663,,,,
749,"Чай черный GREENFIELD Golden Ceylon листовой, 100г",199.49,100г,black_tea,Lenta,100.0,1994.9,,,,
750,"Чай зеленый GREENFIELD Jasmine Dream листовой, 100г",241.09,100г,green_tea,Lenta,100.0,2410.8999999999996,,,,
751,"Чай черный GREENFIELD Earl Grey Fantasy с ароматом бергамота листовой, 100г",188.99,100г,black_tea,Lenta,100.0,1889.9,,,,
752,"Чай черный GREENFIELD Earl Grey Fantasy с ароматом бергамота, 25пак",142.49,25пак,black_tea,Lenta,50.0,2849.8,,,,
753,"Чай черный GREENFIELD Christmas Mystery, 25пак",142.49,25пак,black_tea,Lenta,37.5,3799.7333333333336,,,,
754,"Чай зеленый GREENFIELD Green Melissa, 25пак",142.49,25пак,green_tea,Lenta,37.5,3799.7333333333336,,,,
755,"Чай черный AHMAD TEA English Breakfast, 25пак",187.36,25пак,black_tea,Lenta,50.0,3747.2000000000003,,,,
756,"Чай черный AHMAD TEA Tea Earl Grey с ароматом бергамота байховый, 25пак",187.36,25пак,black_tea,Lenta,50.0,3747.2000000000003,,,,
757,"Чай черный DILMAH Цейлонский листовой, 100г",170.49,100г,black_tea,Lenta,100.0,1704.9,,,,
758,"Чай черный DILMAH Цейлонский листовой, 250г",382.49,250г,black_tea,Lenta,250.0,1529.96,,,,
759,"Чай черный DILMAH Цейлонский, 100пак",473.68,100пак,black_tea,Lenta,200.0,2368.3999999999996,,,,
760,"Чай черный МАЙСКИЙ Отборный Цейлонский байховый листовой, 100пак",339.99,100пак,black_tea,Lenta,200.0,1699.95,,,,
761,"Чай черный МАЙСКИЙ Корона Российской Империи Цейлонский байховый листовой, 200г",373.68,200г,black_tea,Lenta,200.0,1868.4,,,,
762,"Чай черный AKBAR Красно-белая серия Ceylon байховый, 25пак",73.68,25пак,black_tea,Lenta,50.0,1473.6000000000001,,,,
763,"Чай черный AKBAR Gold байховый, 25пак",145.26,25пак,black_tea,Lenta,50.0,2905.2,,,,
764,"Чай черный МАЙСКИЙ Корона Российской Империи Цейлонский байховый листовой, 100пак",339.99,100пак,black_tea,Lenta,200.0,1699.95,,,,
765,"Чай черный МАЙСКИЙ Корона Российской Империи Цейлонский байховый листовой, 25пак",85.89,25пак,black_tea,Lenta,50.0,1717.8,,,,
766,"Чай черный МАЙСКИЙ Корона Российской Империи Цейлонский байховый листовой, 100г",168.49,100г,black_tea,Lenta,100.0,1684.9,,,,
767,"Чай черный МАЙСКИЙ Отборный байховый, 25пак",86.99,25пак,black_tea,Lenta,50.0,1739.7999999999997,,,,
768,"Чай черный ЛИСМА Крепкий, 25х2г",72.39,25пак,black_tea,Lenta,50.0,1447.8,,,,
769,"Чай черный DILMAH Цейлонский, 25пак",168.49,25пак,black_tea,Lenta,50.0,3369.8,,,,
770,"Чай черный ЗОЛОТАЯ ЧАША Лимон байховый, 20пак",70.52,20пак,black_tea,Lenta,36.0,1958.8888888888887,,,,
771,"Чай черный ЛИСМА Крепкий Индийский байховый, 100пак",199.99,100пак,black_tea,Lenta,200.0,999.95,,,,
772,"Чай черный GREENFIELD Spring Melody, 25пак",142.49,25пак,black_tea,Lenta,37.5,3799.7333333333336,,,,
773,"Чай черный 365 ДНЕЙ байховый, 20пак",21.05,20пак,black_tea,Lenta,36.0,584.7222222222223,,,,
774,"Чай черный TESS Pleasure с добавками листовой, 100г",202.19,100г,black_tea,Lenta,100.0,2021.9,,,,
775,"Чай зеленый TESS Lime с цедрой цитрусовых и ароматом лайма листовой, 100г",202.19,100г,green_tea,Lenta,100.0,2021.9,,,,
776,"Чай зеленый ПРИНЦЕССА ЯВА Жасмин листовой, 100г",154.79,100г,green_tea,Lenta,100.0,1547.8999999999999,,,,
777,"Чай черный TESS Sunrise листовой, 100г",202.19,100г,black_tea,Lenta,100.0,2021.9,,,,
778,"Чай черный МАЙСКИЙ Лесные Ягоды байховый, 25х1,5г",90.59,25пак,black_tea,Lenta,37.5,2415.733333333333,,,,
779,"Чай черный ЛЕНТА цейлонский, 25пак",94.79,25пак,black_tea,Lenta,50.0,1895.8000000000002,,,,
780,"Чай черный ЛЕНТА Earl Grеy с ароматом бергамота байховый, 25пак",94.79,25пак,black_tea,Lenta,50.0,1895.8000000000002,,,,
781,"Чай зеленый ЛЕНТА с мятой, мелиссой, 25пак",94.79,25пак,green_tea,Lenta,45.0,2106.4444444444443,,,,
782,"Чай черный ПРИНЦЕССА НУРИ Высокогорный байховый, 25пак",96.89,25пак,black_tea,Lenta,50.0,1937.8,,,,
783,"Чай черный GREENFIELD Golden Ceylon Цейлонский, 100пак",481.57,100пак,black_tea,Lenta,200.0,2407.85,,,,
784,"Чай черный GREENFIELD Earl Grey Fantasy с ароматом бергамота, 100пак",480.49,100пак,black_tea,Lenta,200.0,2402.45,,,,
785,"Чай черный TESS Kenya, 25пак",142.19,25пак,black_tea,Lenta,50.0,2843.7999999999997,,,,
787,"Чай черный ПРИНЦЕССА НУРИ Цейлонский Пекое крупнолистовой, 100г",226.39,100г,black_tea,Lenta,100.0,2263.9,,,,
791,"Чай черный NEWBY Assam байховый, листовой, 100г",975.99,100г,black_tea,Lenta,100.0,9759.9,,,,
793,"Чай черный GREENFIELD Barberry Garden листовой, 100г",188.99,100г,black_tea,Lenta,100.0,1889.9,,,,
795,"Чай черный GREENFIELD Golden Ceylon листовой, 200г",446.31,200г,black_tea,Lenta,200.0,2231.5499999999997,,,,
796,"Чай черный GREENFIELD Earl Grey Fantasy с ароматом бергамота листовой, 200г",446.31,200г,black_tea,Lenta,200.0,2231.5499999999997,,,,
797,"Чай черный HYLEYS Английский Аристократический байховый листовой, 250г",396.49,250г,black_tea,Lenta,250.0,1585.96,,,,
798,"Чай черный HYLEYS Английский Аристократический байховый листовой, 500г",740.24,500г,black_tea,Lenta,500.0,1480.48,,,,
802,"Чай черный HYLEYS Английский фаворит Индийский, листовой, 200г",409.47,200г,black_tea,Lenta,200.0,2047.3500000000001,,,,
809,"Чай черный BASILUR Восточная коллекция Masala Chai Цейлонский байховый листовой, 100г",421.05,100г,black_tea,Lenta,100.0,4210.5,,,,
811,"Чай черный AHMAD TEA Цейлонский Оранж Пеко листовой, 200г",487.39,200г,black_tea,Lenta,200.0,2436.95,,,,
812,"Чай черный GREENFIELD Kenyan Sunrise листовой, 200г",422.19,200г,black_tea,Lenta,200.0,2110.95,,,,
815,"Чай черный BASILUR Восточная Коллекция Волшебные Ночи Magic Night листовой, 100г",368.42,100г,black_tea,Lenta,100.0,3684.2000000000003,,,,
816,"Чай черный HYLEYS Эрл Грей с ароматом бергамота байховый листовой, 200г",294.39,200г,black_tea,Lenta,200.0,1471.9499999999998,,,,
818,"Чай черный AHMAD TEA Earl Grey байховый листовой ароматизированный, 100г",292.69,100г,black_tea,Lenta,100.0,2926.8999999999996,,,,
819,"Чай черный AHMAD TEA English Breakfast листовой, 100г",292.69,100г,black_tea,Lenta,100.0,2926.8999999999996,,,,
820,"Чай черный AKBAR Gold цейлонский байховый, среднелистовой, 250г",484.94,250г,black_tea,Lenta,250.0,1939.76,,,,
821,"Чай черный AHMAD TEA Summer Thyme с чабрецом байховый листовой, 100г",292.69,100г,black_tea,Lenta,100.0,2926.8999999999996,,,,
823,"Чай зеленый TESS Flirt листовой, 100г",159.49,100г,green_tea,Lenta,100.0,1594.9,,,,
826,"Чай зеленый CURTIS Fresh Mojito, 20х1,7г",154.99,20пир,green_tea,Lenta,34.0,4558.529411764706,,,,
829,"Чай черный AHMAD TEA Earl Grey с бергамотом байховый листовой, 200г",511.57,200г,black_tea,Lenta,200.0,2557.8500000000004,,,,
830,"Чай черный AHMAD TEA English Breakfast листовой, 200г",487.39,200г,black_tea,Lenta,200.0,2436.95,,,,
831,"Чай черный AHMAD TEA Цейлонский Оранж Пеко листовой, 500г",1084.49,500г,black_tea,Lenta,500.0,2168.98,,,,
832,"Чай черный 365 ДНЕЙ байховый листовой, 200г",105.29,200г,black_tea,Lenta,200.0,526.45,,,,
833,"Чай черный 365 ДНЕЙ байховый, листовой, 100г",42.1,100г,black_tea,Lenta,100.0,421.00000000000006,,,,
840,"Чай зеленый CURTIS Hugo Cocktail, 20х1,8г",154.99,20пак,green_tea,Lenta,36.0,4305.277777777778,,,,
841,"Чай черный NEWBY Darjeeling байховый, 100г",1348.42,100г,black_tea,Lenta,100.0,13484.2,,,,
843,"Чай черный TESS Pleasure с ароматом тропических фруктов и растительными компонентами байховый, листовой, 200г",358.99,200г,black_tea,Lenta,200.0,1794.95,,,,
844,"Чай черный TESS Санрайз байховый цейлонский, листовой, 200г",358.99,200г,black_tea,Lenta,200.0,1794.95,,,,
848,"Чай черный AHMAD TEA Классический листовой, 200г",406.39,200г,black_tea,Lenta,200.0,2031.95,,,,
855,"Чай черный AHMAD TEA Классический листовой, 500г",1013.68,500г,black_tea,Lenta,500.0,2027.36,,,,
858,"Чай черный RICHARD Royal Ceylon Цейлонский листовой, 90г",207.49,90г,black_tea,Lenta,90.0,2305.4444444444443,,,,
863,"Чай зеленый 365 ДНЕЙ Китайский с ароматом жасмина байховый листовой, 100г",48.42,100г,green_tea,Lenta,100.0,484.20000000000005,,,,
866,"Чай черный ЛИСМА Индийский байховый, 25пак",72.39,25пак,black_tea,Lenta,45.0,1608.6666666666667,,,,
869,"Чай черный АЗЕРЧАЙ байховый с чабрецом листовой, 100г",244.29,100г,black_tea,Lenta,100.0,2442.8999999999996,,,,
870,"Чай черный АЗЕРЧАЙ Букет листовой, 100г",244.29,100г,black_tea,Lenta,100.0,2442.8999999999996,,,,
871,"Чай черный АЗЕРЧАЙ с ароматом бергамота листовой, 100г",154.73,100г,black_tea,Lenta,100.0,1547.3,,,,
873,"Чай черный RICHARD Lord Grey Цейлонский с ароматом бергамота и лимона, 
листовой, 90г",207.49,90г,black_tea,Lenta,90.0,2305.4444444444443,,,,
878,"Чай черный RICHARD Royal Ceylon Цейлонский листовой, 180г",393.49,180г,black_tea,Lenta,180.0,2186.055555555555,,,,
880,"Чай зеленый ЧАЙНАЯ ПЛАНТАЦИЯ Имбирный апельсин байховый листовой, 70г",160.99,70г,green_tea,Lenta,70.0,2299.8571428571427,,,,
881,"Чай зеленый ЧАЙНАЯ ПЛАНТАЦИЯ Сила тайги байховый листовой, 80г",157.89,80г,green_tea,Lenta,80.0,1973.6249999999998,,,,
882,"Чай черный ЧАЙНАЯ ПЛАНТАЦИЯ с облепихой байховый листовой, 80г",157.89,80г,black_tea,Lenta,80.0,1973.6249999999998,,,,
883,"Чай черный ЧАЙНАЯ ПЛАНТАЦИЯ Таежный байховый листовой, 80г",157.89,80г,black_tea,Lenta,80.0,1973.6249999999998,,,,
884,"Чай черный ЧАЙНАЯ ПЛАНТАЦИЯ Миндальный пирог байховый листовой, 80г",157.89,80г,black_tea,Lenta,80.0,1973.6249999999998,,,,
885,"Чай черный ЧАЙНАЯ ПЛАНТАЦИЯ Дикая вишня с розой байховый листовой, 80г",157.89,80г,black_tea,Lenta,80.0,1973.6249999999998,,,,
886,"Чай черный ЧАЙНАЯ ПЛАНТАЦИЯ Груша с гранатом байховый листовой, 80г",157.89,80г,black_tea,Lenta,80.0,1973.6249999999998,,,,
887,"Чай черный ЧАЙНАЯ ПЛАНТАЦИЯ с клюквой байховый листовой, 80г",157.89,80г,black_tea,Lenta,80.0,1973.6249999999998,,,,
888,"Чай черный RICHARD Royal Love Цейлонский листовой, ж/б, 80г",537.49,80г,black_tea,Lenta,80.0,6718.625,,,,
890,"Чай черный BASILUR Избранная классика Earl Grey, листовой, 100г",421.05,100г,black_tea,Lenta,100.0,4210.5,,,,
898,"Чай черный DOLCE ALBERO с ароматом ягод, 20пак",147.36,20пак,black_tea,Lenta,40.0,3684.0,,,,
902,"Чай зеленый ЛЕНТА Да Хун Пао улун, листовой, 50г",178.99,50г,green_tea,Lenta,50.0,3579.8,,,,
903,"Чай зеленый ЛЕНТА Молочный улун листовой, 100г",178.99,100г,green_tea,Lenta,100.0,1789.9,,,,
904,"Чай черный AKBAR Limited Edition байховый, листовой, 200г",389.47,200г,black_tea,Lenta,200.0,1947.3500000000001,,,,
905,"Чай черный СТАРИННЫЕ ГОРОДА РУСИ Москва байховый листовой, ж/б, 150г",578.99,150г,black_tea,Lenta,150.0,3859.9333333333334,,,,
908,"Чай черный DOLCE ALBERO Orange Pekoe, листовой, 100г",178.94,100г,black_tea,Lenta,100.0,1789.3999999999999,,,,
909,"Чай черный DOLCE ALBERO Earl Grey, листовой, 100г",178.94,100г,black_tea,Lenta,100.0,1789.3999999999999,,,,
916,"Чай черный RICHARD Christmas Toy Новогодняя игрушка Микс, листовой, 20г",297.99,20г,black_tea,Lenta,20.0,14899.5,,,,
917,"Чай черный БОНТОН Счастливый день с ароматом земляники, крупнолистовой, 100г",524.99,100г,black_tea,Lenta,100.0,5249.900000000001,,,,
920,"Чай черный AHMAD TEA Классический, 100х2г",511.57,100пак,black_tea,Lenta,200.0,2557.8500000000004,,,,
923,"Чай черный BONVIDA байховый, крупнолистовой, 400г",421.09,400г,black_tea,Lenta,400.0,1052.725,,,,
925,"Чай зеленый DOLCE ALBERO с гравиолой, листовой, 100г",178.94,100г,green_tea,Lenta,100.0,1789.3999999999999,,,,
927,"Чай черный ПРИНЦЕССА НУРИ Золото Шри-Ланки листовой, 200г",318.49,200г,black_tea,Lenta,200.0,1592.45,,,,
931,"Чай черный AHMAD TEA Эрл грей, листовой, 500г",994.99,500г,black_tea,Lenta,500.0,1989.98,,,,
934,"Чай черный ШАХ GOLD гранулированный, 230г",363.15,230г,black_tea,Lenta,230.0,1578.9130434782608,,,,
939,"Чай черный КРАСНОДАРСКИЙ ГОСТ ЧАЙ РУЧНОЙ СБОР листовой, 100г",184.49,100г,black_tea,Lenta,100.0,1844.9,,,,
940,"Чай черный КРАСНОДАРСКИЙ ГОСТ ЧАЙ РУЧНОЙ СБОР с лесными ягодами байховый, листовой, 100г",194.99,100г,black_tea,Lenta,100.0,1949.9,,,,
941,"Чай зеленый КРАСНОДАРСКИЙ ГОСТ ЧАЙ РУЧНОЙ СБОР с жасмином байховый, листовой, 100г",194.99,100г,green_tea,Lenta,100.0,1949.9,,,,
942,"Чай черный КРАСНОДАРСКИЙ ГОСТ ЧАЙ РУЧНОЙ СБОР с бергамотом байховый, листовой, 100г",205.99,100г,black_tea,Lenta,100.0,2059.9,,,,
953,"Чай черный AKBAR Голд байховый цейлонский, крупнолистовой, 250г",556.49,250г,black_tea,Lenta,250.0,2225.96,,,,
954,"Чай черный КРАСНОДАРСКИЙ ГОСТ ЧАЙ РУЧНОЙ СБОР байховый, листовой, 40г",113.99,40г,black_tea,Lenta,40.0,2849.75,,,,
957,"Чай зеленый SHENNUN Молочный Улун китайский, листовой, 100г",276.89,100г,green_tea,Lenta,100.0,2768.9,,,,
958,"Чай зеленый SHENNUN с манго китайский, листовой, 100г",276.89,100г,green_tea,Lenta,100.0,2768.9,,,,
959,"Чай зеленый SHENNUN Молочный Би Ло Чунь китайский, листовой, 100г",290.52,100г,green_tea,Lenta,100.0,2905.2,,,,
960,"Чай черный GREENFIELD Спринг Мелоди байховый, листовой, 100г",188.99,100г,black_tea,Lenta,100.0,1889.9,,,,
961,"Чай черный АЗЕРЧАЙ с ароматом бергамота, 25пак",114.73,25пак,black_tea,Lenta,50.0,2294.6,,,,
962,"Чай черный GREENFIELD Кениан санрайз, 100г",211.57,100г,black_tea,Lenta,100.0,2115.7,,,,
964,"Чай черный AKBAR крупнолистовой, 100г",219.99,100г,black_tea,Lenta,100.0,2199.9,,,,
965,"Чай зеленый ЧЕРНЫЙ ДРАКОН Молочный Китайский байховый листовой, 100г",270.49,100г,green_tea,Lenta,100.0,2704.9,,,,
966,"Чай зеленый ЧЕРНЫЙ ДРАКОН Молочный улун байховый, листовой, 100г",247.99,100г,green_tea,Lenta,100.0,2479.9,,,,
967,"Чай черный DILMAH Golden pekoe цейлонский, листовой, 100г",315.78,100г,black_tea,Lenta,100.0,3157.7999999999997,,,,
968,"Чай черный DILMAH цейлонский со вкусом бергамота и ванили, листовой, 100г",273.69,100г,black_tea,Lenta,100.0,2736.9,,,,
969,"Чай зеленый ЧЕРНЫЙ ДРАКОН с жасмином байховый, листовой, 100г",140.99,100г,green_tea,Lenta,100.0,1409.9,,,,
971,"Чай зеленый ЧАЙНАЯ ПЛАНТАЦИЯ Улун абрикосовый, листовой, 100г",178.99,100г,green_tea,Lenta,100.0,1789.9,,,,
972,"Чай зеленый ЧАЙНАЯ ПЛАНТАЦИЯ Улун манговый, листовой, 100г",178.99,100г,green_tea,Lenta,100.0,1789.9,,,,
976,"Чай черный НЕОБЫЧАЙНЫЙ цейлонский, листовой, 400г",480.99,400г,black_tea,Lenta,400.0,1202.475,,,,
977,"Чай зеленый TEATALE Молочный Улун китайский, листовой, 100г",378.99,100г,green_tea,Lenta,100.0,3789.9,,,,
978,"Чай черный НЕОБЫЧАЙНЫЙ Цейлонский с ароматом бергамота, крупнолистовой, 200г",328.49,200г,black_tea,Lenta,200.0,1642.45,,,,
981,"Чай черный HYSON Маракуйя цейлонский c ароматом маракуйи и растительными компонентами, листовой, 100г",336.89,100г,black_tea,Lenta,100.0,3368.9,,,,
982,"Чай черный HYSON Фруктовая фантазия цейлонский c ароматом вишни и растительными компонентами, листовой, 100г",336.89,100г,black_tea,Lenta,100.0,3368.9,,,,
983,"Чай зеленый HYSON с саусепом и растительными компонентами, крупнолистовой, 100г",336.89,100г,green_tea,Lenta,100.0,3368.9,,,,
984,"Чай черный HYSON Саусеп цейлонский c ароматом саусепа и растительными компонентами, листовой, 100г",336.89,100г,black_tea,Lenta,100.0,3368.9,,,,
986,"Чай зеленый ЛЕНТА PREMIUM Имбирный апельсин, 20пир",263.19,20пир,green_tea,Lenta,40.0,6579.75,,,,
990,"Чай черный ЛЕНТА PREMIUM с чабрецом, 400г",578.99,400г,black_tea,Lenta,400.0,1447.4750000000001,,,,
991,"Чай зеленый ЛЕНТА PREMIUM Молочный улун, 400г",578.99,400г,green_tea,Lenta,400.0,1447.4750000000001,,,,
992,"Чай черный ЛЕНТА PREMIUM Эрл Грей, 400г",452.69,400г,black_tea,Lenta,400.0,1131.7250000000001,,,,
993,"Чай черный ЛЕНТА PREMIUM Английский завтрак, 400г",452.69,400г,black_tea,Lenta,400.0,1131.7250000000001,,,,
997,"Чай черный ШАХ Gold байховый цейлонский, листовой, 200г",614.79,200г,black_tea,Lenta,200.0,3073.95,,,,
998,"Чай черный ПРИНЦЕССА КАНДИ Медиум, 250г",244.2,250г,black_tea,Lenta,250.0,976.8,,,,
1000,Чай черный АЗЕРЧАЙ Байховый с аром. бергамота к/уп,355.78,250г,black_tea,Lenta,250.0,1423.12,,,,
1001,Чай черный HILLTOP Цейлонское утро к/уп,276.84,50г,black_tea,Lenta,50.0,5536.799999999999,,,,
1003,"Чай черный ТРИ ДРУЖНЫХ СЛОНА, 100пак",325.26,100пак,black_tea,Lenta,200.0,1626.3,,,,
1004,"Чай зеленый SHENNUN Китайский с жасмином, 200г",205.99,200г,green_tea,Lenta,200.0,1029.95,,,,
1005,"Чай черный SHENNUN Китайский с бергамотом, 200г",325.26,200г,black_tea,Lenta,200.0,1626.3,,,,
1006,"Чай зеленый SHENNUN Китайский молочный Гу Шу, 200г",325.26,200г,green_tea,Lenta,200.0,1626.3,,,,
1009,"Чай черный RICHARD Royal English Breakfast листовой, 180г",437.89,180г,black_tea,Lenta,180.0,2432.722222222222,,,,
1011,"Чай черный RICHARD Royal Kenya листовой, 180г",437.89,180г,black_tea,Lenta,180.0,2432.722222222222,,,,
1014,"Чай черный BERNLEY Инглиш Классик Цейлонский, листовой, 100г",211.57,100г,black_tea,Lenta,100.0,2115.7,,,,
1015,"Чай зеленый SHENNUN Традиционный, 25пак",97.99,25пак,green_tea,Lenta,45.0,2177.555555555555,,,,
1017,"Чай черный ЗЕЛЕНАЯ ПАНДА Праздничный, листовой, 100г",270.49,,black_tea,Lenta,100.0,2704.9,,,,
1020,"Чай зеленый АЗЕРЧАЙ Армуду, 100пак",511.57,100пак,green_tea,Lenta,170.0,3009.235294117647,,,,
1021,"Чай черный TEATALE Мелодия Рождества Снеговик, листовой, 50г",135.49,50г,black_tea,Lenta,50.0,2709.8,,,,
1022,"Чай черный ЗАВТРАК ИМПЕРАТОРА байховый цейлонский, листовой, 100г",163.19,100г,black_tea,Lenta,100.0,1631.8999999999999,,,,
1024,"Чай черный ЗОЛОТАЯ ЧАША Индийский байховый, 20пак",59.99,20пак,black_tea,Lenta,36.0,1666.388888888889,,,,
1033,"Чай зеленый BASILUR Букет Кремовая фантазия, листовой, 100г",324.49,100г,green_tea,Lenta,100.0,3244.9,,,,
1035,"Чай черный RICHE NATUR Bohemia с ароматом бергамота и айвы, листовой, 100г",729.47,100г,black_tea,Lenta,100.0,7294.700000000001,,,,
1036,"Чай черный RICHE NATUR Felicity с цукатами ананаса и ароматом земляники, листовой, 100г",729.47,100г,black_tea,Lenta,100.0,7294.700000000001,,,,
1037,"Чай черный RICHE NATUR Paradise с цукатами и ароматом манго и карамболы, листовой, 100г",729.47,100г,black_tea,Lenta,100.0,7294.700000000001,,,,
1038,"Чай зеленый RICHARD Royal Strawberry&Aloe Vera арома, 25пак",187.36,25пак,green_tea,Lenta,37.5,4996.266666666667,,,,
1044,"Чай черный CURTIS Perfect Brunch, 100саш",467.49,100саш,black_tea,Lenta,170.0,2749.9411764705883,,,,
1045,"Чай черный TEATALE Сочные фрукты с ароматом бергамота, 100г",353.99,100г,black_tea,Lenta,100.0,3539.9,,,,
1046,"Чай черный TEATALE Сочные фрукты с ароматом апельсина и манго, 100г",347.39,100г,black_tea,Lenta,100.0,3473.9,,,,
1047,"Чай черный TEATALE Сочные фрукты с ароматом ананаса, 100г",347.36,100г,black_tea,Lenta,100.0,3473.6000000000004,,,,
1053,"Чай зеленый ЛЕНТА Молочный улун, 25пак",97.99,25пак,green_tea,Lenta,45.0,2177.555555555555,,,,
1056,"Чай черный ЛЕНТА Русский музей Земляника со сливками крупный листовой, 400г",526.39,400г,black_tea,Lenta,400.0,1315.975,,,,
1058,"Чай черный RICHARD Energy Tea, 20пак",187.36,20пак,black_tea,Lenta,34.0,5510.588235294118,,,,
1059,"Чай зеленый RICHARD Digestive, 30г",187.36,30г,green_tea,Lenta,30.0,6245.333333333334,,,,
1060,"Чай зеленый RICHARD Relax, 30г",187.36,30г,green_tea,Lenta,30.0,6245.333333333334,,,,
1061,"Чай черный NADIN Гранат, розмарин с ароматом граната, листовой, 100г",209.99,100г,black_tea,Lenta,100.0,2099.9,,,,
1062,"Чай черный МАСТЕР ТИМ Все в шоколаде, 24пак",216.49,48г,black_tea,Lenta,48.0,4510.208333333334,,,,
1063,"Чай черный RICHARD Royal Postcards Tea Assortment Зима ассорти, 17,1г",201.99,"17,1г",black_tea,Lenta,17.1,11812.280701754386,,,,
1064,"Чай черный CURTIS Summer Vibe c чабрецом, мятой и ароматом цитрусовых,  100пак",299.99,100пак,black_tea,Lenta,150.0,1999.9333333333334,,,,
1065,"Чай черный WILLIAMS Black Crystal Премиум Пеко байховый цейлонский элитный, листовой, 100г",216.49,100г,black_tea,Lenta,100.0,2164.9,,,,
1066,"Чай черный WILLIAMS Violet Crystal байховый листовой с лепестками василька, шиповником и ароматом и кусочками манго, листовой, 100г",216.49,100г,black_tea,Lenta,100.0,2164.9,,,,
1067,"Чай черный WILLIAMS Azure Crystal цейлонский с лепестками подсолнечника и натуральными кусочками земляники, листовой, 100г",216.49,100г,black_tea,Lenta,100.0,2164.9,,,,
1068,"Чай черный WILLIAMS Purple Crystal байховый листовой с лепестками календулы и ароматом тропических фруктов, листовой, 100г",216.49,100г,black_tea,Lenta,100.0,2164.9,,,,
1069,"Чай черный WILLIAMS Assam Crystal индийский ассам с высоким содержанием чайных почек, листовой, 100г",216.49,100г,black_tea,Lenta,100.0,2164.9,,,,
1070,"Чай черный TEATALE Christmas Time байховый с ароматом сливы среднелистовой, 50г",135.49,50г,black_tea,Lenta,50.0,2709.8,,,,
1071,"Чай черный WILLIAMS Bright Crystal OPA отборный цейлонский, крупнолистовой, 100г",216.49,100г,black_tea,Lenta,100.0,2164.9,,,,
1072,"Чай зеленый ВЫБОР СЕМЬИ байховый с ароматом жасмина, крупнолистовой, 100г",136.89,100г,green_tea,Lenta,100.0,1368.8999999999999,,,,
1075,"Чай черный TEATONE с ароматом барбариса, 15пак",230.99,15пак,black_tea,Lenta,27.0,8555.185185185186,,,,
1077,"Чай черный BASILUR Винтажные цветы Жасминовая мечта, листовой, 75г",389.47,75г,black_tea,Lenta,75.0,5192.933333333333,,,,
1078,"Чай зеленый BASILUR Винтажные цветы Цветочный букет, листовой, 75г",389.47,75г,green_tea,Lenta,75.0,5192.933333333333,,,,
1079,"Чай зеленый BASILUR Винтажные цветы Тропическая страсть, листовой, 75г",389.47,75г,green_tea,Lenta,75.0,5192.933333333333,,,,
1080,"Чай черный NADIN с чабрецом, крупнолистовой, 50г",108.49,50г,black_tea,Lenta,50.0,2169.7999999999997,,,,
1089,"Чай черный ВЫБОР СЕМЬИ с чабрецом, 100пак",130.49,100пак,black_tea,Lenta,180.0,724.9444444444445,,,,
1091,"Чай зеленый ВЫБОР СЕМЬИ с ароматом бергамота, 50г",63.19,50г,green_tea,Lenta,50.0,1263.8,,,,
1092,"Чай черный ВЫБОР СЕМЬИ с ароматом Бергамота, среднелистовой, 100г",92.49,100г,black_tea,Lenta,100.0,924.9,,,,
1093,"Чай черный ВЫБОР СЕМЬИ с чабрецом, среднелистовой, 100г",91.49,100г,black_tea,Lenta,100.0,914.9,,,,
1094,"Чай черный ВЫБОР СЕМЬИ с мятой, среднелистовой, 100г",91.49,100г,black_tea,Lenta,100.0,914.9,,,,
1095,"Чай черный ЛЕНТА крупнолистовой, 200г",189.49,200г,black_tea,Lenta,200.0,947.45,,,,
1097,"Чай черный JOLLY в пакетиках для разовой заварки, 100пак",315.79,100пак,black_tea,Lenta,200.0,1578.95,,,,
1099,"Чай черный ВЫБОР СЕМЬИ байховый гранулированный, 180г",115.79,180г,black_tea,Lenta,180.0,643.2777777777778,,,,
1100,"Чай черный ВЫБОР СЕМЬИ байховый гранулированный, 100г",73.69,100г,black_tea,Lenta,100.0,736.9,,,,
1102,"Чай черный AKBAR Сливочная карамель, листовой, 100г",545.26,100г,black_tea,Lenta,100.0,5452.6,,,,
1104,"Чай черный AKBAR Грейпфрут и арбуз, листовой, 100г",545.26,100г,black_tea,Lenta,100.0,5452.6,,,,
1105,"Чай черный AKBAR Смородина и мята, листовой, 100г",545.26,100г,black_tea,Lenta,100.0,5452.6,,,,
1107,"Чай черный RICHARD Royal Moro orange&Passion flower, 25пак",203.15,25пак,black_tea,Lenta,42.5,4780.0,,,,
1108,"Чай черный CURTIS Perfect Brunch листовой, 100г",227.36,100г,black_tea,Lenta,100.0,2273.6,,,,
1109,"Чай черный CURTIS Tender Moments листовой, 100г",235.78,100г,black_tea,Lenta,100.0,2357.8,,,,
1110,"Чай зеленый CURTIS Mango Mood листовой, 100г",223.15,100г,green_tea,Lenta,100.0,2231.5,,,,
1112,"Чай черный KIOKO с ароматом бергамота, 25пак",343.15,25пак,black_tea,Lenta,50.0,6863.0,,,,
1115,"Чай зеленый ЧЕРНЫЙ ДРАКОН Китайский с имбирем байховый листовой, 100г",216.49,100г,green_tea,Lenta,100.0,2164.9,,,,
1118,"Чай черный ЛИСМА Садовые ягоды с чабрецом, 25пак",59.99,25пак,black_tea,Lenta,37.5,1599.7333333333333,,,,
1123,"Чай черный IN-STICK Top choice Ассорти 3 Апельсин-миндаль, трюфель-какао, амаретто, 12пак",126.31,12пак,black_tea,Lenta,24.0,5262.916666666666,,,,
1124,"Чай черный NADIN С Праздником, крупнолистовой, 50г",154.99,50г,black_tea,Lenta,50.0,3099.8,,,,
1125,"Чай черный NADIN Счастливого Нового года! крупнолистовой, 50г",154.99,50г,black_tea,Lenta,50.0,3099.8,,,,
1126,"Чай черный МАЙСКИЙ Новогодний медальон, листовой, 20г",216.49,20г,black_tea,Lenta,20.0,10824.5,,,,
1127,"Чай черный TEATALE Новогодняя мечта Бодрящий бергамот, 50г",135.49,50г,black_tea,Lenta,50.0,2709.8,,,,
1128,"Чай черный TEATALE Мелодия Рождества Варежки, 50г",135.49,50г,black_tea,Lenta,50.0,2709.8,,,,
1129,"Чай черный TEATALE Время подарков, 50г",135.49,50г,black_tea,Lenta,50.0,2709.8,,,,
1130,"Чай черный ВКУСЫ МИРА Праздничный апельсин, листовой, 50г",243.99,50г,black_tea,Lenta,50.0,4879.8,,,,
1131,"Чай черный ВКУСЫ МИРА Альпийский глинтвейн, листовой, 50г",243.99,50г,black_tea,Lenta,50.0,4879.8,,,,
1133,"Чай черный ЛЕНТА Русские узоры с ароматом клубника со сливками, 20пир",292.49,20пир,black_tea,Lenta,40.0,7312.250000000001,,,,
1134,"Чай черный ЛЕНТА Русские узоры Клубника со сливками, листовой, 85г",378.99,85г,black_tea,Lenta,85.0,4458.705882352941,,,,
1135,"Чай черный ЛЕНТА Русские узоры с облепихой и грушей, листовой, 85г",378.99,85г,black_tea,Lenta,85.0,4458.705882352941,,,,
1136,"Чай черный ЛЕНТА Апельсиновый новый год ароматизированный с добавками растительного сырья, 20г",263.15,20г,black_tea,Lenta,20.0,13157.499999999998,,,,
1138,"Чай черный TEATALE Garden Flowers Purple байховый с чабрецом, среднелистовой, 50г",146.31,50г,black_tea,Lenta,50.0,2926.2000000000003,,,,
1139,"Чай черный TEATALE Garden Flowers Pink с лесными ягодами байховый, среднелистовой, 50г",146.31,50г,black_tea,Lenta,50.0,2926.2000000000003,,,,
1140,"Чай зеленый TEATALE Garden Flowers Blue с мятой, листовой, 50г",146.31,50г,green_tea,Lenta,50.0,2926.2000000000003,,,,
1141,"Чай зеленый BASILUR Фруктовое вдохновение ассорти, 60г",652.63,60г,green_tea,Lenta,60.0,10877.166666666666,,,,
1142,"Чай зеленый BASILUR Цветочная гармония Цветущая вишня, 75г",884.2,75г,green_tea,Lenta,75.0,11789.333333333334,,,,
1143,"Чай зеленый BASILUR Цветочная гармония Бархатный персик, 75г",884.2,75г,green_tea,Lenta,75.0,11789.333333333334,,,,
1149,"Чай черный МАЙСКИЙ Ароматный бергамот, 25пак",97.89,25пак,black_tea,Lenta,37.5,2610.3999999999996,,,,
1154,"Чай черный AKBAR Gold цейлонский крупнолистовой, 100г",292.63,100г,black_tea,Lenta,100.0,2926.2999999999997,,,,
1158,"Чай черный ПРИНЦЕССА НУРИ Высокогорный листовой, 100г",130.59,100г,black_tea,Lenta,100.0,1305.9,,,,
1159,"Чай черный ШАХ ГОЛД Индийский, 25пак",106.39,25пак,black_tea,Lenta,50.0,2127.8,,,,
1160,Окорок свиной ЛЕНТА FRESH на кости,615.89,,pork_leg,Lenta,1500.0,410.5933333333333,,,,
1161,"Окорок свиной ЛЕНТА FRESH бескостный, весовой",463.19,,pork_leg,Lenta,1000.0,463.19,,,,
1162,"Окорок из свинины, бескостный, вакуумная упаковка, весовой",648.41,,pork_leg,Lenta,1400.0,463.15,,,,
1163,"Хлеб пшеничный HARRY'S Аmerican sandwich, 470г",126.31,470г,bread,Lenta,470.0,268.74468085106383,,,,
1164,"Хлеб ХЛЕБНЫЙ ДОМ Тостовый, в нарезке, 500г",110.49,500г,bread,Lenta,500.0,220.98,,,,
1165,"Хлеб формовой ХЛЕБОЗАВОД №28 Украинский новый, в нарезке, 700г",53.49,700г,bread,Lenta,700.0,76.41428571428571,,,,
1166,"Хлеб ХЛЕБОЗАВОД №22 8 злаков, в нарезке, 270г",111.99,270г,bread,Lenta,270.0,414.77777777777777,,,,
1167,"Хлеб ХЛЕБОЗАВОД №22 Дарницкий, 700г",62.99,700г,bread,Lenta,700.0,89.9857142857143,,,,
1168,"Батон КОЛОМЕНСКОЕ Нарезной, в нарезке, 400г",71.49,400г,bread,Lenta,400.0,178.725,,,,
1169,"Хлеб КОЛОМЕНСКОЕ Бородинский, в нарезке, 400г",68.49,400г,bread,Lenta,400.0,171.225,,,,
1170,"Хлеб ржано-пшеничный подовый РИЖСКИЙ ХЛЕБ Деревенский, бездрожжевой, 220г",77.99,220г,bread,Lenta,220.0,354.5,,,,
1171,"Хлеб КОЛОМЕНСКОЕ Ржаной край, 300г",87.49,300г,bread,Lenta,300.0,291.6333333333333,,,,
1172,"Хлеб зерновой КОЛОМЕНСКОЕ Ржаной край, 300г",126.31,300г,bread,Lenta,300.0,421.0333333333333,,,,
1173,"Хлеб ЗАО ЩЕЛКОВОХЛЕБ Ржевский, в нарезке, 340г",53.49,340г,bread,Lenta,340.0,157.32352941176472,,,,
1174,"Хлеб ЗАО ЩЕЛКОВОХЛЕБ Тостовый молочный, в нарезке, 500г",99.99,500г,bread,Lenta,500.0,199.98,,,,
1175,"Хлеб ЗАО ЩЕЛКОВОХЛЕБ Бородинский новый, в нарезке, 500г",56.99,500г,bread,Lenta,500.0,113.98,,,,
1176,"Батон ЗАО ЩЕЛКОВОХЛЕБ Щелковский, в нарезке, 330г",56.89,330г,bread,Lenta,330.0,172.3939393939394,,,,
1177,"Хлеб зерновой ХЛЕБНЫЙ ДОМ Геркулес, в нарезке, половинка, 250г",62.99,250г,bread,Lenta,250.0,251.96,,,,
1178,"Батон ХЛЕБНЫЙ ДОМ Утренний, в нарезке, 400г",82.1,400г,bread,Lenta,400.0,205.25,,,,
1179,"Хлеб ДЕДОВСКИЙ ХЛЕБ Дарницкий, в нарезке, 350г",36.99,350г,bread,Lenta,350.0,105.68571428571428,,,,
1180,"Хлеб КОЛОМЕНСКОЕ Ароматный, в нарезке, 400г",70.49,400г,bread,Lenta,400.0,176.225,,,,
1181,"Хлеб ХЛЕБОЗАВОД №22 Столичный, в нарезке, 700г",76.99,700г,bread,Lenta,700.0,109.98571428571428,,,,
1182,"Хлеб ЧЕРЕМУШКИ Бородинский, в нарезке, половинка, 390г",59.99,390г,bread,Lenta,390.0,153.82051282051282,,,,
1183,"Хлеб ЧЕРЕМУШКИ Дарницкий, в нарезке, половинка, 340г",57.99,340г,bread,Lenta,340.0,170.55882352941177,,,,
1184,"Батон ЧЕРЕМУШКИ Нарезной, 400г",67.49,400г,bread,Lenta,400.0,168.725,,,,
1185,"Батон пшеничный КОЛОМЕНСКОЕ с отрубями, 300г",70.49,300г,bread,Lenta,300.0,234.96666666666667,,,,
1186,"Батон ЧЕРЕМУШКИ Полюшко, в нарезке, 300г",74.99,300г,bread,Lenta,300.0,249.96666666666664,,,,
1187,"Хлеб ЧЕРЕМУШКИ Столичный, в нарезке, половинка, 330г",54.99,330г,bread,Lenta,330.0,166.63636363636363,,,,
1188,"Хлеб ЧЕРЕМУШКИ Зерновик, в нарезке , 460г",106.99,460г,bread,Lenta,460.0,232.5869565217391,,,,
1189,"Хлеб 365 ДНЕЙ Украинский новый, 650г",27.99,650г,bread,Lenta,650.0,43.061538461538454,,,,
1190,"Хлеб белый 365 ДНЕЙ высший сорт, 380г",22.1,380г,bread,Lenta,380.0,58.15789473684211,,,,
1191,"Хлеб цельнозерновой РИЖСКИЙ ХЛЕБ заварной бездрожжевой, 300г",86.49,300г,bread,Lenta,300.0,288.3,,,,
1192,"Батон ЛЕНТА нарезной, в нарезке, 400г",46.99,400г,bread,Lenta,400.0,117.47500000000001,,,,
1193,"Хлеб ХЗ №28 Для фитнеса, в нарезке, 300г",89.47,300г,bread,Lenta,300.0,298.23333333333335,,,,
1194,"Хлеб ХЛЕБОЗАВОД №22 Дарницкий, в нарезке, половинка, 350г",42.99,350г,bread,Lenta,350.0,122.82857142857144,,,,
1195,"Хлеб КОЛОМЕНСКОЕ Дарницкий, в нарезке, половинка, 350г",61.99,350г,bread,Lenta,350.0,177.11428571428573,,,,
1196,"Батон ЧЕРЕМУШКИ с пшеничными отрубями, высший сорт, в нарезке, 350г",58.99,350г,bread,Lenta,350.0,168.54285714285717,,,,
1197,"Хлеб ХЛЕБНЫЙ ДОМ Геркулес с кукурузой, 255г",82.19,255г,bread,Lenta,255.0,322.313725490196,,,,
1198,"Батон ХЛЕБНЫЙ ДОМ Звездный, в нарезке, 350г",54.49,350г,bread,Lenta,350.0,155.68571428571428,,,,
1199,"Хлеб КОЛОМЕНСКОЕ ДАНИЛОВСКИЙ Зерновой, в нарезке, 300г",89.49,300г,bread,Lenta,300.0,298.3,,,,
1200,"Хлеб злаковый КОЛОМЕНСКОЕ Тостовый, в нарезке, 250г",82.19,250г,bread,Lenta,250.0,328.76,,,,
1201,"Хлеб пшеничный КОЛОМЕНСКОЕ Тостовый, 320г",65.49,320г,bread,Lenta,320.0,204.65624999999997,,,,
1202,"Батон ЧЕРЕМУШКИ Нарезной, высший сорт, в нарезке, 200г",47.39,200г,bread,Lenta,200.0,236.95,,,,
1203,"Хлеб ЧЕРЕМУШКИ Дар зерна, традиционный, в нарезке, 350г",91.49,350г,bread,Lenta,350.0,261.4,,,,
1204,"Хлеб ржано-пшеничный КОЛОМЕНСКОЕ ДАНИЛОВСКИЙ бездрожжевой, в нарезке, 
350г",77.99,350г,bread,Lenta,350.0,222.8285714285714,,,,
1205,"Хлеб ТЕПЛЫЙ ДАР Бородинский, в нарезке, 350г",42.19,350г,bread,Lenta,350.0,120.54285714285713,,,,
1206,"Батон ЛЕНТА половинка, в нарезке, 200г",26.99,200г,bread,Lenta,200.0,134.95,,,,
1207,"Батон НИЖЕГОРОДСКИЙ ХЛЕБ Подмосковный, высший сорт, в нарезке, 400г",35.49,400г,bread,Lenta,400.0,88.725,,,,
1208,"Батон ВЫБОР СЕМЬИ Нарезной, высший сорт, 400г",32.49,400г,bread,Lenta,400.0,81.22500000000001,,,,
1209,"Хлеб ЧЕРЕМУШКИ Гречневый, в нарезке, 300г",78.99,300г,bread,Lenta,300.0,263.29999999999995,,,,
1210,"Хлеб ЧЕРЕМУШКИ Овсяный ароматный, в нарезке, 300г",84.29,300г,bread,Lenta,300.0,280.9666666666667,,,,
1211,"Йогурт ДАНИССИМО Фантазия Хрустящие шарики в шоколаде 6,9%, без змж, 105г",75.79,105г,yogurt,Lenta,105.0,721.8095238095239,,,,
1212,"Молоко пастеризованное СЕЛО ЗЕЛЕНОЕ 3,2%, без змж, 2000г",231.59,2000г,milk,Lenta,,,,,1941.7475728155339,119.26885000000001
1213,"Йогурт ДАНИССИМО Фантазия Хрустящие шарики с ягодным вкусом 6,9%, без змж, 105г",75.79,105г,yogurt,Lenta,105.0,721.8095238095239,,,,
1214,"Молоко сгущенное ГЛАВПРОДУКТ цельное с сахаром без змж, 270г",112.99,270г,condensed_milk,Lenta,270.0,418.48148148148147,,,,
1215,"Йогурт ДАНИССИМО Фантазия Хрустящие шарики со вкусом соленой карамели 6,9%, без змж, 105г",75.79,105г,yogurt,Lenta,105.0,721.8095238095239,,,,
1216,"Йогурт ДАНИССИМО Фантазия Хрустящие шарики со вкусом манго, маракуйи 6,9%, без змж, 105г",75.79,105г,yogurt,Lenta,105.0,721.8095238095239,,,,
1217,"Молоко пастеризованное ЭКОНИВА 2,5%, без змж, 1000мл",126.39,1000мл,milk,Lenta,,,,,1000.0,126.39
1218,"Молоко пастеризованное АВИДА 3,2%, без змж, 900мл",123.99,900мл,milk,Lenta,,,,,900.0,137.76666666666665
1219,"Йогурт ДАНИССИМО Фантазия Хрустящие шарики со вкусом шоколада и клубники 6,9%, без змж, 105г",75.79,105г,yogurt,Lenta,105.0,721.8095238095239,,,,
1220,"Вода питьевая AQUA MINERALE негазированная, 2л",115.79,2L,water,Lenta,,,,,2000.0,57.895
1221,"Вода питьевая СВЯТОЙ ИСТОЧНИК негазированная, 1.5л",65.29,1.5L,water,Lenta,,,,,1500.0,43.52666666666667
1222,"Вода питьевая СВЯТОЙ ИСТОЧНИК негазированная, 0.5л",44.19,0.5L,water,Lenta,,,,,500.0,88.38
1223,"Вода минеральная EVIAN природная столовая негазированная, 1.5л",299.99,1.5L,water,Lenta,,,,,1500.0,199.99333333333334
1224,"Вода минеральная EVIAN природная столовая негазированная, 0.5л",163.19,0.5L,water,Lenta,,,,,500.0,326.38
1225,"Вода питьевая АРХЫЗ Vita природная горная негазированная, 1.5л",47.79,1.5L,water,Lenta,,,,,1500.0,31.86
1226,"Вода питьевая СЕНЕЖСКАЯ негазированная, 1.5л",44.29,1.5L,water,Lenta,,,,,1500.0,29.526666666666667
1227,"Вода питьевая 365 ДНЕЙ артезианская негазированная, 0.5л",21.05,0.5L,water,Lenta,,,,,500.0,42.1
1228,"Вода питьевая 365 ДНЕЙ артезианская негазированная, 1.5л",31.57,1.5L,water,Lenta,,,,,1500.0,21.046666666666667
1229,"Вода питьевая 365 ДНЕЙ очищенная негазированная, 5л",57.89,5L,water,Lenta,,,,,5000.0,11.578
1230,"Вода питьевая СВЯТОЙ ИСТОЧНИК негазированная, 5л",147.39,5L,water,Lenta,,,,,5000.0,29.477999999999998
1231,"Вода питьевая СВЯТОЙ ИСТОЧНИК Sport негазированная, 0.75л",59.99,0.75L,water,Lenta,,,,,750.0,79.98666666666666
1232,"Вода питьевая СЕНЕЖСКАЯ негазированная, 0.5л",26.49,0.5L,water,Lenta,,,,,500.0,52.98
1233,"Вода минеральная JEVEA Crystalnaya природная столовая негазированная, 1л",110.52,1L,water,Lenta,,,,,1000.0,110.52
1234,"Вода минеральная JEVEA Crystalnaya природная столовая негазированная, 0.5л",97.49,0.5L,water,Lenta,,,,,500.0,194.98
1235,"Вода питьевая BAIKAL430 глубинная байкальская негазированная, 0.45л",75.49,0.45L,water,Lenta,,,,,450.0,167.75555555555556
1236,"Вода питьевая СВЯТОЙ ИСТОЧНИК негазированная, 1л",57.89,1L,water,Lenta,,,,,1000.0,57.89
1237,"Вода питьевая КАЛИНОВ РОДНИК негазированная, 9л",176.49,9L,water,Lenta,,,,,9000.0,19.610000000000003
1238,"Вода питьевая детская СВЯТОЙ ИСТОЧНИК Светлячок негазированная, с 0 месяцев, 1.5л",68.49,"1,5L",water,Lenta,,,,,1500.0,45.66
1239,"Вода питьевая КАЛИНОВ РОДНИК негазированная, 6л",109.49,6L,water,Lenta,,,,,6000.0,18.24833333333333
1240,"Вода минеральная ЛЕГЕНДА ГОР АРХЫЗ природная столовая негазированная, 1.5л",62.99,1.5L,water,Lenta,,,,,1500.0,41.99333333333333
1241,"Вода питьевая СВЯТОЙ ИСТОЧНИК негазированная, 0.33л",33.69,0.33L,water,Lenta,,,,,330.0,102.09090909090908
1242,"Вода минеральная КАЛИНОВ РОДНИК негазированная, 1.5л",50.49,1.5L,water,Lenta,,,,,1500.0,33.660000000000004
1243,"Вода питьевая BONVIDA артезианская 1-й категории негазированная, 0.75л",84.29,0.75L,water,Lenta,,,,,750.0,112.38666666666667
1244,"Вода питьевая BONVIDA артезианская 1-й категории негазированная, 0.5л",36.84,0.5L,water,Lenta,,,,,500.0,73.68
1245,"Вода питьевая BONVIDA артезианская 1-й категории негазированная, 0.33л",56.89,0.33L,water,Lenta,,,,,330.0,172.3939393939394
1246,"Вода питьевая КАЛИНОВ РОДНИК для кулера негазированная, 18.9л",493.49,18.9L,water,Lenta,,,,,18900.0,26.11058201058201
1247,"Вода питьевая детская СВЯТОЙ ИСТОЧНИК Светлячок негазированная, с 0 месяцев, 330мл",44.49,330мл,water,Lenta,,,,,330.0,134.81818181818184
1248,"Вода питьевая ЛЕНТА Спорт 1-й категории негазированная, 0.5л",37.89,0.5L,water,Lenta,,,,,500.0,75.78
1249,"Вода питьевая AQUA MINERALE негазированная вода, 0.5л",72.69,0.5L,water,Lenta,,,,,500.0,145.38
1250,"Вода питьевая СЕНЕЖСКАЯ негазированная, 1л",42.99,1L,water,Lenta,,,,,1000.0,42.99
1251,"Вода питьевая детская СВЯТОЙ ИСТОЧНИК Светлячок негазированная, с 0 месяцев, 5л",152.99,5L,water,Lenta,,,,,5000.0,30.598
1252,"Вода питьевая АБРАУ-ДЮРСО 4 воды Дюр-Со артезианская негазированная, 0.75л",147.39,0.75L,water,Lenta,,,,,750.0,196.51999999999998
1253,"Вода питьевая BAIKAL430 глубинная байкальская негазированная, 0.85л",103.99,0.85L,water,Lenta,,,,,850.0,122.34117647058824
1254,"Вода минеральная КАЛИНОВ РОДНИК негазированная, 0.5л",34.73,0.5L,water,Lenta,,,,,500.0,69.46
1255,"Вода минеральная КАЛИНОВ РОДНИК Спорт негазированная, 1л",52.69,1L,water,Lenta,,,,,1000.0,52.69
1256,"Вода питьевая ЧЕРНОГОЛОВКА артезианская негазированная, 1.5л",52.69,1.5L,water,Lenta,,,,,1500.0,35.126666666666665
1257,"Вода питьевая ЧЕРНОГОЛОВКА артезианская негазированная, 0.5л",38.99,0.5L,water,Lenta,,,,,500.0,77.98
1258,"Вода питьевая BONVIDA негазированная, 1.5л",52.69,1.5L,water,Lenta,,,,,1500.0,35.126666666666665
1259,"Вода питьевая РОСИНКА Липецкая-Лайт негазированная, 1.5л",53.99,1.5L,water,Lenta,,,,,1500.0,35.99333333333333
1260,"Вода питьевая ЧЕРНОГОЛОВКА артезианская негазированная, 2.5л",97.89,2.5L,water,Lenta,,,,,2500.0,39.156000000000006
1261,"Вода питьевая BONVIDA негазированная, 10л",347.36,10L,water,Lenta,,,,,10000.0,34.736000000000004
1262,"Вода питьевая детская СВЯТОЙ ИСТОЧНИК Спортик негазированная, 0.33л",44.19,0.33L,water,Lenta,,,,,330.0,133.9090909090909
1263,"Вода питьевая детская ЧЕРНОГОЛОВКА Бэйби артезианская негазированная, с 0 месяцев, 2.5л",73.68,"2,5л",water,Lenta,,,,,2500.0,29.472
1264,"Вода питьевая LEGEND OF BAIKAL природная глубинная, негазированная, 0.5л",136.84,0.5L,water,Lenta,,,,,500.0,273.68
1265,"Вода минеральная ЛЕГЕНДА ГОР АРХЫЗ природная столовая негазированная, 0.5л",35.99,0.5L,water,Lenta,,,,,500.0,71.98
1266,"Вода питьевая BONVIDA негазированная, 19л",526.31,19L,water,Lenta,,,,,19000.0,27.70052631578947
1267,"Вода питьевая BONA AQUA негазированная, 1л",73.69,1L,water,Lenta,,,,,1000.0,73.69
1268,"Вода питьевая BONA AQUA негазированная, 0.5л",58.99,0.5L,water,Lenta,,,,,500.0,117.98
1269,"Вода питьевая BONA AQUA негазированная, 5л",139.99,5L,water,Lenta,,,,,5000.0,27.998
1270,"Вода питьевая ЧЕРНОГОЛОВКА негазированный, 0.25л",42.19,0.25L,water,Lenta,,,,,250.0,168.76
1271,"Вода минеральная ЧЕРНОГОЛОВКА негазированный, 0.33л",57.89,0.33L,water,Lenta,,,,,330.0,175.42424242424244
1272,"Вода минеральная БОРОВАЯ лечебно-столовая негазированная, 1.5л",110.59,1.5L,water,Lenta,,,,,1500.0,73.72666666666666
1273,"Вода минеральная БОРОВАЯ лечебно-столовая негазированная, 0.5л",57.89,0.5L,water,Lenta,,,,,500.0,115.78
1274,"Вода питьевая ИСТОЧНИК СТАРО-МЫТИЩИНСКИЙ негазированная, 5л",105.29,5L,water,Lenta,,,,,5000.0,21.058
1275,"Вода питьевая АДЫЛ ТАУ горная негазированная, 1.45л",68.49,1.45L,water,Lenta,,,,,1450.0,47.234482758620686
1276,"Вода питьевая АДЫЛ ТАУ горная негазированная, 0.5л",42.19,0.5L,water,Lenta,,,,,500.0,84.38
1277,"Вода питьевая ЗДОРОВАЯ ВОДА Аквароял негазированная, 1.5л",47.39,1.5L,water,Lenta,,,,,1500.0,31.593333333333334
1278,"Вода питьевая ЗДОРОВАЯ ВОДА Аквароял негазированная, 0.5л",34.79,0.5L,water,Lenta,,,,,500.0,69.58
1279,"Вода минеральная MIVELA MG++ лечебно-столовая негазированная, 1л",199.99,1L,water,Lenta,,,,,1000.0,199.99
1280,"Вода ИСТОЧНИК СТАРО-МЫТИЩ негазированная, 0.5л",32.49,0.5L,water,Lenta,,,,,500.0,64.98
1281,"Вода ИСТОЧНИК СТАРО-МЫТИЩ негазированная, 1.5л",47.99,1.5L,water,Lenta,,,,,1500.0,31.993333333333332
1282,"Сахар, 1кг",84.2,1кг,sugar,Lenta,1000.0,84.2,,,,
1283,"Сахар, 5кг",432.99,5кг,sugar,Lenta,5000.0,86.59800000000001,,,,
1284,"Сахар-песок прессованный СВ ТС 1, 1кг",89.47,1000г,sugar,Lenta,1000.0,89.47,,,,
1285,"Сахар-рафинад ЧАЙКОФСКИЙ, 500г",81.99,"0,5кг",sugar,Lenta,500.0,163.98,,,,
1286,"Соль ИЛЕЦКАЯ помол №1 высший сорт, 1кг",13.99,1кг,salt,Lenta,1000.0,13.99,,,,
1287,"Сахар-рафинад ЧАЙКОФСКИЙ, 1кг",163.15,1кг,sugar,Lenta,1000.0,163.15,,,,
1288,"Соль УСОЛЬСКАЯ Экстра, 1кг",40.49,1000г,salt,Lenta,1000.0,40.49,,,,
1289,"Соль морская ЛЕНТА поваренная пищевая садочная, экстра помол №0, высший сорт, 500г",95.99,500г,salt,Lenta,500.0,191.98,,,,
1290,"Сахар ЧАЙКОФСКИЙ, 900г",136.89,900г,sugar,Lenta,900.0,152.1,,,,
1291,"Соль морская ЛЕНТА поваренная пищевая садочная, помол №1, высший сорт, 1кг",105.26,1000г,salt,Lenta,1000.0,105.26,,,,
1292,"Сахар РУССКИЙ кусковой, 500г",105.26,500г,sugar,Lenta,500.0,210.52,,,,
1293,"Соль АДЫГЕЙСКАЯ Абадзехская, 450г",57.89,450г,salt,Lenta,450.0,128.64444444444445,,,,
1295,"Соль ИЛЕЦКАЯ помол №1, 1кг",29.49,1кг,salt,Lenta,1000.0,29.49,,,,
1296,"Соль АДЫГЕЙСКАЯ Бжедугская, 450г",57.89,450г,salt,Lenta,450.0,128.64444444444445,,,,
1298,"Сахар BONVIDA белый кристаллический категория ТС2, 100х5г",157.89,500г,sugar,Lenta,500.0,315.78,,,,
1299,"Сахар тростниковый BONVIDA кристаллический, 100х5г",315.79,500г,sugar,Lenta,500.0,631.58,,,,
1300,"Соль SALINA каменная помол №1, 1кг",36.99,1000г,salt,Lenta,1000.0,36.99,,,,
1301,"Сахар белый РУССКИЙ САХАР кусковой, 1кг",136.84,1кг,sugar,Lenta,1000.0,136.84,,,,
1302,"Соль пищевая Экстра, 500г",73.68,500г,salt,Lenta,500.0,147.36,,,,
1303,"Соль морская PREMIUM CLUB помол №0 высший сорт, 150г",57.89,150г,salt,Lenta,150.0,385.93333333333334,,,,
1305,"Соль ВЫБОР СЕМЬИ Экстра, 250г",52.69,250г,salt,Lenta,250.0,210.76,,,,
1306,"Сахар прессованный SUPER кусковой, колотый, 380г",157.89,380г,sugar,Lenta,380.0,415.5,,,,
1307,"Сахар ЛЕНТА белый, ГОСТ, 1кг",131.59,1000г,sugar,Lenta,1000.0,131.59,,,,
1308,"Сахар белый, кусковой, 500г",63.15,500г,sugar,Lenta,500.0,126.3,,,,
1309,"Сахар порционный ЛЕНТА Русские узоры Гжель, в конвертах, 75х5,6г",270.49,420г,sugar,Lenta,420.0,644.0238095238095,,,,
1310,"Масло подсолнечное БЛАГО рафинированное дезодорированное высший сорт, 1л",170.49,1000мл,sunflower_oil,Lenta,,,,,1000.0,170.49
1311,"Молоко пастеризованное ПРОСТОКВАШИНО 2,5%, без змж, 930мл",121.09,930мл,milk,Lenta,,,,,930.0,130.2043010752688
1312,"Молоко ультрапастеризованное для детей ТЕМА 3,2%, без змж, 200мл",47.39,200мл,milk,Lenta,,,,,200.0,236.95
1313,"Йогурт для детей РАСТИШКА Яблоко, груша 3%, без змж, 110г",42.19,110г,yogurt,Lenta,110.0,383.5454545454545,,,,
1314,"Молоко ультрапастеризованное для питания детей БОЛЬШАЯ КРУЖКА 3,2%, без змж, 200мл",42.1,200мл,milk,Lenta,,,,,200.0,210.50000000000003
1315,"Молоко пастеризованное ВМК Вологжанка 2,5%, без змж, 1000г",122.19,1000г,milk,Lenta,,,,,970.8737864077669,125.85570000000001
1316,"Йогурт САВУШКИН Киви, крыжовник двухслойный 2%, без змж, 120г",41.09,120г,yogurt,Lenta,120.0,342.4166666666667,,,,
1317,"Молоко пастеризованное ПРОСТОКВАШИНО 1,5%, без змж, 930мл",115.79,930мл,milk,Lenta,,,,,930.0,124.50537634408603
1318,"Молоко ультрапастеризованное для питания детей PARMALAT 3,5%, без змж, 200мл",47.49,200мл,milk,Lenta,,,,,200.0,237.45000000000002
1319,"Молоко ультрапастеризованное детское ФРУТОНЯНЯ 2,5%, с 8 месяцев, без змж, 200мл",47.39,200мл,milk,Lenta,,,,,200.0,236.95
1320,"Молоко ультрапастеризованное ЛЕНТА 2,5%, без змж, 950мл",113.99,950мл,milk,Lenta,,,,,950.0,119.98947368421052
1321,"Йогурт LACTICA Греческий Натуральный 4%, без змж, 120г",65.29,120г,yogurt,Lenta,120.0,544.0833333333334,,,,
1322,"Йогурт EPICA Натуральный 6%, без змж, 130г",73.69,130г,yogurt,Lenta,130.0,566.8461538461538,,,,
1323,"Йогурт EPICA с вишней и черешней 4,8%, без змж, 130г",73.69,130г,yogurt,Lenta,130.0,566.8461538461538,,,,
1324,"Йогурт EPICA с клубникой 4,8%, без змж, 130г",73.69,130г,yogurt,Lenta,130.0,566.8461538461538,,,,
1325,"Йогурт EPICA с ананасом 4,8%, без змж, 130г",73.69,130г,yogurt,Lenta,130.0,566.8461538461538,,,,
1326,"Йогурт TEOS Греческий 2%, без змж, 140г",52.69,140г,yogurt,Lenta,140.0,376.35714285714283,,,,
1327,"Йогурт EPICA с манго и семенами чиа 5%, без змж, 130г",73.69,130г,yogurt,Lenta,130.0,566.8461538461538,,,,
1328,"Йогурт для детей РАСТИШКА Яблоко, груша с печеньем 3%, без змж, 118г",66.39,118г,yogurt,Lenta,118.0,562.6271186440678,,,,
1329,"Йогурт EPICA с персиком и маракуйей 4,8%, без змж, 130г",73.69,130г,yogurt,Lenta,130.0,566.8461538461538,,,,
1330,"Йогурт САВУШКИН Клубника 2%, без змж, 120г",38.99,120г,yogurt,Lenta,120.0,324.9166666666667,,,,
1331,"Йогурт САВУШКИН Манго 2% двухслойный, без змж, 120г",41.09,120г,yogurt,Lenta,120.0,342.4166666666667,,,,
1332,"Йогурт ЭГО Греческий 8%, без змж, 180г",50.99,180г,yogurt,Lenta,180.0,283.27777777777777,,,,
1333,"Молоко пастеризованное ИСКРЕННЕ ВАШ отборное 3,4–6%, без змж, 930г",115.78,930г,milk,Lenta,,,,,902.9126213592233,128.22946236559142
1334,"Йогурт EPICA Crispy Мюсли и сушеные ягоды 6,5%, без змж, 138г",79.99,138г,yogurt,Lenta,138.0,579.6376811594203,,,,
1335,"Йогурт ЦАРКА Манго 3,5%, без змж, 400г",86.49,400г,yogurt,Lenta,400.0,216.225,,,,
1336,"Йогурт СЕЛО ЗЕЛЕНОЕ Черешня 3,5%, без змж, 120г",45.49,120г,yogurt,Lenta,120.0,379.0833333333333,,,,
1337,"Йогурт СЕЛО ЗЕЛЕНОЕ Брусника, малина 3,5%, без змж, 120г",45.49,120г,yogurt,Lenta,120.0,379.0833333333333,,,,
1338,"Йогурт СЕЛО ЗЕЛЕНОЕ Отруби, злаки, орехи 3,5%, без змж, 120г",51.59,120г,yogurt,Lenta,120.0,429.9166666666667,,,,
1339,"Йогурт НЕЖНЫЙ Легкий с соком клубники 0,1%, без змж, 95г",19.99,95г,yogurt,Lenta,95.0,210.42105263157893,,,,
1340,"Йогурт НЕЖНЫЙ Легкий с соком персика 0,1%, без змж, 95г",20.99,95г,yogurt,Lenta,95.0,220.9473684210526,,,,
1341,"Йогурт для детей РАСТИШКА Клубника со злаковым драже в белом и молочном шоколаде 3%, без змж, 115г",66.39,115г,yogurt,Lenta,115.0,577.304347826087,,,,
1342,"Молоко пастеризованное ЭКОМИЛК отборное 3,4–4,5%, без змж, 900мл",110.52,900мл,milk,Lenta,,,,,900.0,122.8
1343,"Молоко пастеризованное МУ-У отборное 3,4–6%, без змж, 873мл",97.99,873мл,milk,Lenta,,,,,873.0,112.2451317296678
1344,"Йогурт TEOS Греческий 2%, без змж, 250г",84.29,250г,yogurt,Lenta,250.0,337.16,,,,
1345,"Йогурт КОЛОМЕНСКИЙ Черника, малина и манго 5%, без змж, 170г",92.69,170г,yogurt,Lenta,170.0,545.2352941176471,,,,
1346,"Йогурт КОЛОМЕНСКИЙ Клубника и банан 5%, без змж, 170г",92.69,170г,yogurt,Lenta,170.0,545.2352941176471,,,,
1347,"Йогурт КОЛОМЕНСКИЙ Малина и груша 5%, без змж, 170г",92.69,170г,yogurt,Lenta,170.0,545.2352941176471,,,,
1348,"Йогурт ЧУДО Десерт с печеньем черное какао и драже с молочным шоколадом в сахарной глазури 3%, без змж, 105г",90.52,105г,yogurt,Lenta,105.0,862.0952380952381,,,,
1349,"Йогурт ЧУДО Десерт с печеньем какао и драже рисовые шарики в белой шоколадной глазури и кокосовой стружке 3%, без змж, 105г",90.52,105г,yogurt,Lenta,105.0,862.0952380952381,,,,
1350,"Йогурт ДАНИССИМО Фантазия Хрустящие шарики со вкусом вишни и финика 6,9%, без змж, 105г",75.79,105г,yogurt,Lenta,105.0,721.8095238095239,,,,
1351,"Йогурт VENN'S Греческий 0,1%, без змж, 130г",73.68,130г,yogurt,Lenta,130.0,566.7692307692308,,,,
1352,"Йогурт САВУШКИН с фруктовым наполнителем персик, манго 2%, без змж, 120г",38.99,120г,yogurt,Lenta,120.0,324.9166666666667,,,,
1353,"Йогурт САВУШКИН Лесные ягоды 2%, без змж, 120г",38.99,120г,yogurt,Lenta,120.0,324.9166666666667,,,,
1354,"Молоко пастеризованное ЛЕБЕДЯНЬМОЛОКО 3,2%, без змж, 900г",99.99,900г,milk,Lenta,,,,,873.7864077669902,114.433
1355,"Йогурт КОЛОМЕНСКИЙ Питайя, манго, чиа 5%, без змж, 170г",92.69,170г,yogurt,Lenta,170.0,545.2352941176471,,,,
1356,"Йогурт КОЛОМЕНСКИЙ Манго 5%, без змж, 170г",92.69,170г,yogurt,Lenta,170.0,545.2352941176471,,,,
1357,"Йогурт КОЛОМЕНСКИЙ Земляника 5%, без змж, 170г",92.69,170г,yogurt,Lenta,170.0,545.2352941176471,,,,
1358,"Йогурт PARMALAT Comfort Персик, куркума безлактозный 3%, без змж, 130г",68.49,130г,yogurt,Lenta,130.0,526.8461538461538,,,,
1359,"Йогурт PARMALAT Comfort Натуральный безлактозный, 3,5% без змж, 130г",89.49,130г,yogurt,Lenta,130.0,688.3846153846154,,,,
1360,"Йогурт для питания детей ЭГОША с клубникой обогащенный витаминами А,D3 2,8%, 100г",28.49,100г,yogurt,Lenta,100.0,284.9,,,,
1361,"Молоко пастеризованное ЭКОМИЛК 3,2%, без змж, 955г",110.59,955г,milk,Lenta,,,,,927.1844660194174,119.27507853403142
1362,"Йогурт МОЛОЧНАЯ КУЛЬТУРА Greek Yogurt со сливой 1,6%, без змж, 130г",77.89,130г,yogurt,Lenta,130.0,599.1538461538462,,,,
1363,"Йогурт VIOLA Very Berry с вишней 2,6%, без змж, 180г",94.79,180г,yogurt,Lenta,180.0,526.6111111111111,,,,
1364,"Йогурт LAPLANDIA Сливочный с наполнителем Клубника, бисквит 7,1%, без змж, 180г",94.79,180г,yogurt,Lenta,180.0,526.6111111111111,,,,
1365,"Йогурт VIOLA Very Berry с клубникой 2,6%, без змж, 180г",94.79,180г,yogurt,Lenta,180.0,526.6111111111111,,,,
1366,"Йогурт VIOLA Классический 3,4%, без змж, 180г",105.29,180г,yogurt,Lenta,180.0,584.9444444444445,,,,
1367,"Йогурт VIOLA Very Berry с персиком 2,6%, без змж, 180г",94.79,180г,yogurt,Lenta,180.0,526.6111111111111,,,,
1368,"Йогурт LAPLANDIA Сливочный 8,5%, без змж, 260г",110.52,260г,yogurt,Lenta,260.0,425.0769230769231,,,,
1369,"Йогурт VIOLA Very Berry с манго 2,6%, без змж, 180г",94.79,180г,yogurt,Lenta,180.0,526.6111111111111,,,,
1370,"Йогурт LAPLANDIA Сливочный с малиной и сыром маскарпоне 7,2%, без змж, 180г",94.79,180г,yogurt,Lenta,180.0,526.6111111111111,,,,
1371,"Йогурт LAPLANDIA Сливочный с наполнителем ржаной хлеб, корица 7,1%, без змж, 180г",94.79,180г,yogurt,Lenta,180.0,526.6111111111111,,,,
1372,"Йогурт VIOLA Very Berry с черникой и клубникой 2,6%, без змж, 180г",94.79,180г,yogurt,Lenta,180.0,526.6111111111111,,,,
1373,"Йогурт LAPLANDIA Сливочный с наполнителем черничный маффин 7,2%, без змж, 180г",94.79,180г,yogurt,Lenta,180.0,526.6111111111111,,,,
1374,"Йогурт ЧУДО Клубника, земляника 2%, без змж, 290г",105.29,290г,yogurt,Lenta,290.0,363.0689655172414,,,,
1375,"Йогурт ЧУДО Персик, маракуя 2%, без змж, 290г",89.47,290г,yogurt,Lenta,290.0,308.51724137931035,,,,
1376,"Йогурт ЧУДО Вишня, черешня 2%, без змж, 290г",89.47,290г,yogurt,Lenta,290.0,308.51724137931035,,,,
1377,"Йогурт LAPLANDIA Сливочный с наполнителем лимонный пирог 7,1%, без змж, 180г",94.79,180г,yogurt,Lenta,180.0,526.6111111111111,,,,
1378,"Йогурт МОЛОЧНАЯ КУЛЬТУРА с голубикой и ежевикой с гранолой и изюмом 2,7–3,5%, без змж, 190г",110.59,190г,yogurt,Lenta,190.0,582.0526315789474,,,,
1379,"Йогурт МОЛОЧНАЯ КУЛЬТУРА с лесными ягодами с гранолой и изюмом 2,7–3,5%, без змж, 190г",110.59,190г,yogurt,Lenta,190.0,582.0526315789474,,,,
1380,"Йогурт МОЛОЧНАЯ КУЛЬТУРА с абрикосом, миндалем с гранолой и изюмом 2,7–3,5%, без змж, 190г",110.59,190г,yogurt,Lenta,190.0,582.0526315789474,,,,
1381,"Молоко пастеризованное ЛЕНТА 3,2%, без змж, 900мл",111.59,900мл,milk,Lenta,,,,,900.0,123.9888888888889
1382,"Молоко пастеризованное ЛЕНТА 2,5%, без змж, 900мл",99.99,900мл,milk,Lenta,,,,,900.0,111.1
1383,"Йогурт VIOLA FREE безлактозный с наполнителем Малина, черная смородина 2,7%, без змж, 180г",105.29,180г,yogurt,Lenta,180.0,584.9444444444445,,,,
1384,"Йогурт VIOLA FREE безлактозный 3,4%, без змж, 180г",94.79,180г,yogurt,Lenta,180.0,526.6111111111111,,,,
1385,"Йогурт VIOLA FREE безлактозный с наполнителем Клубника, маракуйя 2,7%, без змж, 180г",105.29,180г,yogurt,Lenta,180.0,584.9444444444445,,,,
1386,"Молоко ультрапастеризованное ИЗ ВОЛОГДЫ Вологодское 3,2% ГОСТ, без змж, 200мл",36.49,200мл,milk,Lenta,,,,,200.0,182.45
1387,"Молоко пастеризованное СЕВЕРНАЯ ДОЛИНА 2,5%, без змж, 900мл",95.99,900мл,milk,Lenta,,,,,900.0,106.65555555555555
1388,"Йогурт SOLO Шоколад и миндаль 4,2%, без змж, 130г",52.63,130г,yogurt,Lenta,130.0,404.84615384615387,,,,
1389,"Йогурт SOLO Кленовый сироп и грецкий орех 4,2%, без змж, 130г",52.63,130г,yogurt,Lenta,130.0,404.84615384615387,,,,
1390,"Молоко ультрапастеризованное BONVIDA Для капучино 3,5%, без змж, 200мл",52.69,200мл,milk,Lenta,,,,,200.0,263.45
1391,"Йогурт ПРОСТОКВАШИНО с персиком 2,9%, без змж, 110г",41.99,110г,yogurt,Lenta,110.0,381.72727272727275,,,,
1392,"Йогурт ПРОСТОКВАШИНО с вишней и черешней 2,9%, без змж, 110г",41.99,110г,yogurt,Lenta,110.0,381.72727272727275,,,,
1393,"Йогурт термостатный ПРОСТОКВАШИНО 4%, без змж, 160г",58.99,160г,yogurt,Lenta,160.0,368.6875,,,,
1394,"Йогурт ПРОСТОКВАШИНО с клубникой 2,9%, без змж, 110г",41.99,110г,yogurt,Lenta,110.0,381.72727272727275,,,,
1395,"Йогурт ФРУГУРТ Персик, маракуйя 2%, без змж, 240г",75.78,240г,yogurt,Lenta,240.0,315.75000000000006,,,,
1396,"Йогурт ФРУГУРТ Клубника, малина 2%, без змж, 240г",75.78,240г,yogurt,Lenta,240.0,315.75000000000006,,,,
1397,"Йогурт ФРУГУРТ Вишня 2%, без змж, 240г",75.78,240г,yogurt,Lenta,240.0,315.75000000000006,,,,
1398,"Йогурт САВУШКИН Клубника, земляника двухслойный 2%, без змж, 120г",41.09,120г,yogurt,Lenta,120.0,342.4166666666667,,,,
1399,"Йогурт термостатный СВЕЖЕЕ ЗАВТРА 1,5%, без змж, 125г",31.59,125г,yogurt,Lenta,125.0,252.72,,,,
1400,"Йогурт ЧУДО Клубника, земляника 2%, без змж, 130г",70.52,130г,yogurt,Lenta,130.0,542.4615384615385,,,,
1401,"Йогурт ЧУДО Вишня, черешня 2%, без змж, 130г",63.19,130г,yogurt,Lenta,130.0,486.0769230769231,,,,
1402,"Йогурт САВУШКИН Суперкид Ваниль, конфеты с топпером 2%, без змж, 103г",82.19,103г,yogurt,Lenta,103.0,797.9611650485436,,,,
1403,"Йогурт САВУШКИН Суперкид Клубника, конфеты с топпером 2%, без змж, 103г",82.19,103г,yogurt,Lenta,103.0,797.9611650485436,,,,
1404,"Йогурт МОЛОЧНАЯ КУЛЬТУРА из цельного молока Кофе, апельсин 2,7–3,5%, без змж, 130г",70.49,130г,yogurt,Lenta,130.0,542.2307692307692,,,,
1405,"Йогурт NEO Греческий 2%, без змж, 125г",79.99,125г,yogurt,Lenta,125.0,639.92,,,,
1406,"Йогурт NEO Греческий Клубника 1,7%, без змж, 125г",89.49,125г,yogurt,Lenta,125.0,715.92,,,,
1407,"Йогурт NEO Греческий Персик 1,7%, без змж, 125г",89.49,125г,yogurt,Lenta,125.0,715.92,,,,
1408,"Йогурт NEO Греческий 2%, без змж, 230г",101.05,230г,yogurt,Lenta,230.0,439.3478260869565,,,,
1409,"Молоко ультрапастеризованное для детского питания МИ-МИ-МИШКИ Крепыш 3,2%, с 8 месяцев, без змж, 206г",54.73,206г,milk,Lenta,,,,,200.0,273.65
1410,"Йогурт ПРОСТОКВАШИНО Греческий 2%, без змж, 135г",62.19,135г,yogurt,Lenta,135.0,460.6666666666667,,,,
1411,"Йогурт ПРОСТОКВАШИНО Греческий 2%, без змж, 235г",89.49,235г,yogurt,Lenta,235.0,380.80851063829783,,,,
1412,"Молоко ультрапастеризованное 365 ДНЕЙ 2,5%, без змж, 200мл",32.99,200мл,milk,Lenta,,,,,200.0,164.95000000000002
1413,"Йогурт ЧУДО Банан, клубника, манго 2%, без змж, 290г",89.47,290г,yogurt,Lenta,290.0,308.51724137931035,,,,
1414,"Йогурт ЛЕНТА FRESH Греческий Манго, маракуйя 3,4%, без змж, 125г",68.49,125г,yogurt,Lenta,125.0,547.92,,,,
1415,"Йогурт ЛЕНТА FRESH Греческий Черника двухслойный 3,4%, без змж, 125г",68.49,125г,yogurt,Lenta,125.0,547.92,,,,
1416,"Йогурт ЛЕНТА FRESH Греческий 4%, без змж, 120г",61.09,120г,yogurt,Lenta,120.0,509.0833333333333,,,,
1417,"Йогурт LAPLANDIA Сливочный со вкусом фисташки 7,1%, без змж, 180г",94.73,180г,yogurt,Lenta,180.0,526.2777777777778,,,,
1418,"Йогурт EPOS Черника 2,5%, без змж, 120г",47.39,120г,yogurt,Lenta,120.0,394.9166666666667,,,,
1419,"Йогурт VIOLA Very Berry с бананом 2,6%, без змж, 180г",94.79,180г,yogurt,Lenta,180.0,526.6111111111111,,,,
1420,"Йогурт EPOS Клубника 2,5%, без змж, 120г",47.39,120г,yogurt,Lenta,120.0,394.9166666666667,,,,
1421,"Йогурт VIOLA Free Лайм, лимон безлактозный 2,7%, без змж, 180г",105.29,180г,yogurt,Lenta,180.0,584.9444444444445,,,,
1422,"Йогурт РАСТИШКА Пломбир и драже хрустящие шарики с ягодным вкусом обогащенный 3%, без змж, 116г",63.19,116г,yogurt,Lenta,116.0,544.7413793103449,,,,
1423,"Йогурт VIOLA Very Berry с зеленым яблоком 2,6%, без змж, 180г",94.79,180г,yogurt,Lenta,180.0,526.6111111111111,,,,
1424,"Йогурт EPOS Персик 2,5%, без змж, 120г",47.39,120г,yogurt,Lenta,120.0,394.9166666666667,,,,
1425,"Йогурт VIOLA Very Berry с тропическими фруктами 2,6%, без змж, 180г",94.79,180г,yogurt,Lenta,180.0,526.6111111111111,,,,
1426,"Йогурт EPOS Вишня 2,5%, без змж, 120г",47.39,120г,yogurt,Lenta,120.0,394.9166666666667,,,,
1427,"Йогурт VIOLA Free Малина, инжир безлактозный 2,7%, без змж, 180г",105.29,180г,yogurt,Lenta,180.0,584.9444444444445,,,,
1428,"Йогурт VIOLA Free Абрикос, персик безлактозный 2,7%, без змж, 180г",105.29,180г,yogurt,Lenta,180.0,584.9444444444445,,,,
1429,"Йогурт РАСТИШКА Пломбир и печеньем с шоколадом и с какао обогащенный 3%, без змж, 116г",63.19,116г,yogurt,Lenta,116.0,544.7413793103449,,,,
1430,"Молоко пастеризованное ВЫБОР СЕМЬИ 1,5%, без змж, 900мл",63.19,900мл,milk,Lenta,,,,,900.0,70.21111111111111
1431,"Йогурт ЛЕНТА FRESH Греческий Яблоко, банан 3,4%, без змж, 125г",68.49,125г,yogurt,Lenta,125.0,547.92,,,,
1432,"Йогурт АКТИБИО с манго 3%, без змж, 220г",78.99,220г,yogurt,Lenta,220.0,359.0454545454545,,,,
1433,"Йогурт термостатный ПРОСТОКВАШИНО с черникой 3,4%, без змж, 160г",55.79,160г,yogurt,Lenta,160.0,348.6875,,,,
1434,"Йогурт термостатный ПРОСТОКВАШИНО с персиком 3,4%, без змж, 160г",55.79,160г,yogurt,Lenta,160.0,348.6875,,,,
1435,"Молоко ультрапастеризованное ВЫБОР СЕМЬИ 3,2%, без змж, 1000г",102.19,1000г,milk,Lenta,,,,,970.8737864077669,105.2557
1436,"Молоко ультрапастеризованное ВЫБОР СЕМЬИ 2,5%, без змж, 1000г",94.79,1000г,milk,Lenta,,,,,970.8737864077669,97.63370000000002
1437,"Молоко ультрапастеризованное ВЫБОР СЕМЬИ 1,5%, без змж, 1000г",91.59,1000г,milk,Lenta,,,,,970.8737864077669,94.33770000000001
1438,"Молоко ультрапастеризованное ИЗ ВОЛОГДЫ 2,5%, без змж, 1000мл",110.59,1000мл,milk,Lenta,,,,,1000.0,110.59
1439,"Молоко ультрапастеризованное ВОЛОГЖАНКА 2,5%, без змж, 1000мл",99.99,1000мл,milk,Lenta,,,,,1000.0,99.99
1440,"Хлеб злаковый безглютеновый DR.SСHAER Pan Rustico, 250г",460.99,250г,bread,Lenta,250.0,1843.96,,,,
1441,"Хлеб безглютеновый DR.SСHAER Pan Blanco белый, 250г",380.99,250г,bread,Lenta,250.0,1523.96,,,,
1442,"Масло подсолнечное ОЛЕЙНА рафинированное дезодорированное 1-й сорт, 1л",171.99,1000мл,sunflower_oil,Lenta,,,,,1000.0,171.99
1443,"Масло подсолнечное СЛОБОДА рафинированное дезодорированное вымороженное высший сорт, 1000мл",189.49,1000мл,sunflower_oil,Lenta,,,,,1000.0,189.49
1444,"Масло подсолнечное СЛОБОДА рафинированное высший сорт, 1800мл",245.99,1800мл,sunflower_oil,Lenta,,,,,1800.0,136.66111111111113
1445,"Масло подсолнечное СЛОБОДА нерафинированное 1-й сорт, 1000мл",223.49,1000мл,sunflower_oil,Lenta,,,,,1000.0,223.49
1446,"Масло подсолнечное СЛОБОДА рафинированное дезодорированное вымороженное высший сорт, 2.7л",361.49,"2,7л",sunflower_oil,Lenta,,,,,2700.0,133.88518518518518
1447,"Масло подсолнечное для жарки и фритюра СЛОБОДА рафинированное дезодорированное высший сорт, 1000мл",163.15,1000мл,sunflower_oil,Lenta,,,,,1000.0,163.15
1448,"Масло подсолнечное БЛАГО рафинированное дезодорированное высший сорт, 5л",821.09,5000мл,sunflower_oil,Lenta,,,,,5000.0,164.218
1449,"Масло подсолнечное БЛАГО рафинированное дезодорированное высший сорт, 1,8л",289.49,1800мл,sunflower_oil,Lenta,,,,,1800.0,160.82777777777778
1450,"Масло подсолнечное БЛАГО нерафинированное высший сорт, 650мл",126.31,650мл,sunflower_oil,Lenta,,,,,650.0,194.32307692307694
1451,"Масло фритюрное подсолнечное БЛАГО Pro рафинированное дезодорированное, 5л",739.49,5л,sunflower_oil,Lenta,,,,,5000.0,147.898
1452,"Масло подсолнечное ДОМАШНЕЕ рафинированное дезодорированное, высший сорт, 500мл",94.79,500мл,sunflower_oil,Lenta,,,,,500.0,189.58
1453,"Масло подсолнечное 365 ДНЕЙ рафинированное дезодорированное, 800мл",97.99,800мл,sunflower_oil,Lenta,,,,,800.0,122.4875
1454,"Масло подсолнечное САРАТОВСКОЕ рафинированное дезодорированное, 800мл",97.99,800мл,sunflower_oil,Lenta,,,,,800.0,122.4875
1455,"Масло подсолнечное ДОМАШНЕЕ нерафинированное, 1л",180.99,1л,sunflower_oil,Lenta,,,,,1000.0,180.99
1456,"Масло подсолнечное ДОМАШНЕЕ рафинированное дезодорированное, 1л",180.99,1л,sunflower_oil,Lenta,,,,,1000.0,180.99
1457,"Масло подсолнечное ДАРЫ ПОВОЛЖЬЯ рафинированное дезодорированное, 4,8л",557.49,"4,8л",sunflower_oil,Lenta,,,,,4800.0,116.14375
1458,"Масло подсолнечное ДОМАШНЕЕ нерафинированное, 500мл",94.73,"0,5л",sunflower_oil,Lenta,,,,,500.0,189.46
1459,"Масло подсолнечное ДОМАШНЕЕ рафинированное дезодорированное, 5л",749.99,5л,sunflower_oil,Lenta,,,,,5000.0,149.998
1460,"Филе куриной грудки НАША ПТИЧКА малое, 450г",233.99,450г,chicken_fillet,Lenta,450.0,519.9777777777778,,,,
1461,"Молоко пастеризованное BONVIDA 2,5%, без змж, 1400мл",163.19,1400мл,milk,Lenta,,,,,1400.0,116.56428571428572
1462,"Молоко ультрапастеризованное BONVIDA Для капучино 3,2%, без змж, 925мл",125.49,925мл,milk,Lenta,,,,,925.0,135.66486486486488
1463,"Молоко пастеризованное BONVIDA 3,2%, без змж, 1400мл",178.99,1400мл,milk,Lenta,,,,,1400.0,127.85000000000002
1464,"Яйцо куриное ЛЕНТА С1, 30шт",356.99,30шт,egg,Lenta,,,30.0,11.899666666666667,,
1465,"Яйцо куриное ЛЕНТА С1, 10шт",115.79,10шт,egg,Lenta,,,10.0,11.579,,
1466,Чай зеленый АЗЕРЧАЙ букет крупнолист к/уп,406.31,200г,green_tea,Lenta,200.0,2031.5500000000002,,,,
1467,"Молоко сгущенное ЛЕНТА цельное с сахаром 8,5% без змж, 380г",150.49,380г,condensed_milk,Lenta,380.0,396.0263157894737,,,,
1471,"Чай черный BONVIDA Английский Завтрак для заваривания в 
чайнике, 20пак",371.49,20пак,black_tea,Lenta,100.0,3714.9,,,,
1472,"Чай зеленый DOLCE ALBERO Young Hyson, листовой, 100г",178.94,100г,green_tea,Lenta,100.0,1789.3999999999999,,,,
1473,"Чай зеленый DOLCE ALBERO Young Hyson листовой, 500г",789.49,500г,green_tea,Lenta,500.0,1578.98,,,,
1474,"Молоко сгущенное ЛЕНТА без змж, 270г",126.31,270г,condensed_milk,Lenta,270.0,467.81481481481484,,,,
1475,"Молоко сгущенное ЛЕНТА цельное с сахаром 8,5% без змж, 400г",182.49,400г,condensed_milk,Lenta,400.0,456.225,,,,
1476,"Молоко сгущенное BONVIDA цельное с сахаром 8,5% без змж, 950г",407.49,950г,condensed_milk,Lenta,950.0,428.93684210526317,,,,
1477,"Чай зеленый ЛЕНТА PREMIUM Сенча, 400г",460.99,400г,green_tea,Lenta,400.0,1152.475,,,,
1479,"Молоко сгущенное ЛЕНТА с сахаром, 100г",73.69,100г,condensed_milk,Lenta,100.0,736.9,,,,
1480,"Молоко сгущенное ЛЕНТА 8,5%, без змж, 650г",289.49,650г,condensed_milk,Lenta,650.0,445.3692307692308,,,,
1481,"Молоко стерилизованное для детского питания КРЕПЫШ 3,2%, без змж, 200мл",73.68,200мл,milk,Lenta,,,,,200.0,368.40000000000003
1482,"Молоко ультрапастеризованное детское АГУША 3,2%, с 3 лет, без змж, 950г",168.42,950г,milk,Lenta,,,,,922.3300970873786,182.60273684210526
1483,"Чай зеленый 365 ДНЕЙ листовой, 50г",36.84,50г,green_tea,Lenta,50.0,736.8000000000001,,,,
1484,"Чай зеленый 365 ДНЕЙ листовой, 100г",63.15,100г,green_tea,Lenta,100.0,631.5,,,,
1485,"Чай зеленый ВЫБОР СЕМЬИ крупнолистовой, 100г",89.49,100г,green_tea,Lenta,100.0,894.8999999999999,,,,
1486,"Хлеб ржано-пшеничный подовый РИЖСКИЙ ХЛЕБ Крестьянский, бездрожжевой, 300г",59.99,300г,bread,Lenta,300.0,199.96666666666667,,,,
1487,"Хлеб ржано-пшеничный подовый РИЖСКИЙ ХЛЕБ Ароматный, по старым рецептам, заварной бездрожжевой, 300г",73.49,300г,bread,Lenta,300.0,244.96666666666664,,,,
1488,"Хлеб ржано-пшеничный формовой РИЖСКИЙ ХЛЕБ Бородинский, бездрожжевой, 300г",92.63,300г,bread,Lenta,300.0,308.76666666666665,,,,
1490,"Рис для суши SEN SOY Premium высший сорт, 1000г",421.09,1000г,rice,Lenta,1000.0,421.09,,,,
1491,"Лапша рисовая SEN SOY Premium Fo-Kho, 200г",168.42,200г,rice_noodles,Lenta,200.0,842.0999999999999,,,,
1492,"Вермишель рисовая SEN SOY Premium Hu-Teu, 200г",157.89,200г,rice_noodles,Lenta,200.0,789.4499999999999,,,,
1494,"Лапша рисовая AROY-D 10мм, 454г",289.49,454г,rice_noodles,Lenta,454.0,637.6431718061675,,,,
1496,"Лапша рисовая PAN-ASIAN, 250г",168.49,250г,rice_noodles,Lenta,250.0,673.96,,,,
1500,"Вермишель рисовая PAN-ASIAN, 200г",147.39,200г,rice_noodles,Lenta,200.0,736.9499999999999,,,,
1501,"Молоко сгущенное РОГАЧЕВЪ цельное с сахаром 8,5%, без змж, 380г",157.49,380г,condensed_milk,Lenta,380.0,414.44736842105266,,,,
1502,"Молоко сгущенное ГЛАВПРОДУКТ цельное с сахаром без змж ГОСТ, 380г",173.49,380г,condensed_milk,Lenta,380.0,456.5526315789474,,,,
1503,"Молоко сгущенное ГЛАВПРОДУКТ цельное с сахаром Экстра 8,5% без змж ГОСТ, 380г",189.99,380г,condensed_milk,Lenta,380.0,499.97368421052636,,,,
1504,"Молоко сгущенное ЛЮБИМАЯ КЛАССИКА цельное с сахаром 8,5% без змж, 380г",162.49,380г,condensed_milk,Lenta,380.0,427.60526315789474,,,,
1505,"Молоко сгущенное СЕМЕЙНЫЙ БЮДЖЕТ Славянское с сахаром обезжиренное без змж, 360г",108.49,360г,condensed_milk,Lenta,360.0,301.3611111111111,,,,
1507,"Молоко сгущенное МОЛОЧНАЯ СТРАНА цельное без сахара, 8%, ГОСТ, 300г",101.99,300г,condensed_milk,Lenta,300.0,339.96666666666664,,,,
1508,"Молоко сгущенное РОГАЧЕВ цельное с сахаром 8,5%, без змж, 270г",146.49,270г,condensed_milk,Lenta,270.0,542.5555555555555,,,,
1509,"Молоко сгущенное БАТЬКИН РЕЗЕРВ цельное с сахаром 8,5%, без змж, ГОСТ, 270г",171.99,270г,condensed_milk,Lenta,270.0,637.0,,,,
1510,"Молоко сгущенное ГЛАВПРОДУКТ Экстра цельное с сахаром, без змж, ГОСТ, 270г",150.49,270г,condensed_milk,Lenta,270.0,557.3703703703704,,,,
1511,"Молоко сгущенное БЕЛОГОРЬЕ с сахаром 8,5%, без змж, 350г",118.49,350г,condensed_milk,Lenta,350.0,338.54285714285714,,,,
1512,"Молоко сгущенное ГЛАВПРОДУКТ цельное с сахаром 8,5%, без змж, 600г",254.49,600г,condensed_milk,Lenta,600.0,424.15000000000003,,,,
1513,"Молоко ультрапастеризованное PARMALAT Edge 3,5%, без змж, 1000мл",163.15,1000мл,milk,Lenta,,,,,1000.0,163.15
1514,"Молоко ультрапастеризованное PARMALAT Edge 1,8%, без змж, 1000мл",150.49,1000мл,milk,Lenta,,,,,1000.0,150.49
1515,"Молоко ультрапастеризованное PARMALAT 0,5%, без змж, 1000мл",124.99,1000мл,milk,Lenta,,,,,1000.0,124.99
1516,"Молоко ультрапастеризованное ПРОСТОКВАШИНО 2,5%, без змж, 950мл",138.99,950мл,milk,Lenta,,,,,950.0,146.30526315789476
1517,"Молоко ультрапастеризованное БОЛЬШАЯ КРУЖКА 2,5%, без змж, 1980г",294.79,1980г,milk,Lenta,,,,,1922.3300970873786,153.35035353535355
1518,"Молоко ультрапастеризованное БОЛЬШАЯ КРУЖКА 3,2%, без змж, 1980г",284.29,1980г,milk,Lenta,,,,,1922.3300970873786,147.88823232323233
1519,"Молоко ультрапастеризованное БОЛЬШАЯ КРУЖКА 2,5%, без змж, 980г",124.29,980г,milk,Lenta,,,,,951.4563106796116,130.63132653061223
1520,"Молоко ультрапастеризованное БОЛЬШАЯ КРУЖКА 3,2%, без змж, 980г",137.49,980г,milk,Lenta,,,,,951.4563106796116,144.50479591836734
1521,"Молоко стерилизованное ДОМИК В ДЕРЕВНЕ 1,5%, без змж, 950г",157.89,950г,milk,Lenta,,,,,922.3300970873786,171.186
1522,"Молоко ультрапастеризованное ДОМИК В ДЕРЕВНЕ 3,2%, без змж, 950г",168.42,950г,milk,Lenta,,,,,922.3300970873786,182.60273684210526
1523,"Молоко стерилизованное МОЖАЙСКОЕ 3,2%, без змж, 450мл",86.49,450мл,milk,Lenta,,,,,450.0,192.2
1524,"Молоко стерилизованное МОЖАЙСКОЕ 6%, без змж, 450мл",92.49,450мл,milk,Lenta,,,,,450.0,205.53333333333333
1525,"Молоко пастеризованное ДОМИК В ДЕРЕВНЕ Деревенское отборное цельное  3,4–4,5%, без змж, 930мл",147.36,930мл,milk,Lenta,,,,,930.0,158.45161290322582
1526,"Молоко ультрапастеризованное СЕВЕРНАЯ ДОЛИНА 3,2%, без змж, 950г",122.19,950г,milk,Lenta,,,,,922.3300970873786,132.47968421052633
1527,"Молоко ультрапастеризованное СЕВЕРНАЯ ДОЛИНА 2,5%, без змж, 950г",115.79,950г,milk,Lenta,,,,,922.3300970873786,125.54073684210529
1528,"Молоко пастеризованное РУЗСКИЙ Рузское цельное 3,2–4%, без змж, 1000г",157.49,1000г,milk,Lenta,,,,,970.8737864077669,162.21470000000002
1529,"Молоко ультрапастеризованное ДОМИК В ДЕРЕВНЕ 2,5%, без змж, 950г",136.84,950г,milk,Lenta,,,,,922.3300970873786,148.36336842105263
1530,"Молоко пастеризованное ПРАВИЛЬНОЕ МОЛОКО 2,5%, без змж, 2000мл",231.59,2000мл,milk,Lenta,,,,,2000.0,115.795
1531,"Молоко ультрапастеризованное 365 ДНЕЙ 2,5%, без змж, 900мл",82.99,900мл,milk,Lenta,,,,,900.0,92.21111111111111
1532,"Молоко пастеризованное ДОМИК В ДЕРЕВНЕ Деревенское отборное 3,4–4,5%,  без змж, 1400мл",231.57,1400мл,milk,Lenta,,,,,1400.0,165.40714285714287
1533,"Молоко пастеризованное ЭГО 3,2%, без змж, 1750г",221.09,1750г,milk,Lenta,,,,,1699.0291262135922,130.12725714285713
1534,"Молоко пастеризованное ПРАВИЛЬНОЕ МОЛОКО 3,2–4%, без змж, 926г",126.39,926г,milk,Lenta,,,,,899.0291262135922,140.58498920086393
1535,"Молоко пастеризованное ПРАВИЛЬНОЕ МОЛОКО 3,2–4%, без змж, 2000мл",252.69,2000мл,milk,Lenta,,,,,2000.0,126.34499999999998
1536,"Молоко пастеризованное АСЕНЬЕВСКАЯ ФЕРМА 3,4–6%, без змж, 900мл",120.49,900мл,milk,Lenta,,,,,900.0,133.87777777777777
1537,"Молоко ультрапастеризованное СЕЛО ЗЕЛЕНОЕ 2,5%, без змж, 950мл",131.59,950мл,milk,Lenta,,,,,950.0,138.5157894736842
1538,"Молоко ультрапастеризованное СЕЛО ЗЕЛЕНОЕ 3,2%, без змж, 950мл",136.89,950мл,milk,Lenta,,,,,950.0,144.09473684210525
1539,"Молоко ультрапастеризованное БМК 2,5%, без змж, 975мл",97.99,975мл,milk,Lenta,,,,,975.0,100.5025641025641
1540,"Молоко ультрапастеризованное ЭКОНИВА 2,5%, без змж, 1000мл",126.39,1000мл,milk,Lenta,,,,,1000.0,126.39
1541,"Молоко ультрапастеризованное ЭКОНИВА 3,2%, без змж, 1000мл",131.59,1000мл,milk,Lenta,,,,,1000.0,131.59
1542,"Молоко пастеризованное ЭКОНИВА цельное 3,3–6%, без змж, 1000мл",131.59,1000мл,milk,Lenta,,,,,1000.0,131.59
1543,"Молоко ультрапастеризованное МУ-У 1,5%, без змж, 925мл",94.73,925мл,milk,Lenta,,,,,925.0,102.41081081081082
1544,"Молоко ультрапастеризованное МУ-У 3,2%, без змж, 925мл",104.99,925мл,milk,Lenta,,,,,925.0,113.50270270270269
1545,"Молоко ультрапастеризованное МОЛОЧНАЯ РЕЧКА 2,5%, без змж, 1000г",130.49,1000г,milk,Lenta,,,,,970.8737864077669,134.40470000000002
1546,"Молоко ультрапастеризованное МОЛОЧНАЯ РЕЧКА 3,2%, без змж, 1000г",140.99,1000г,milk,Lenta,,,,,970.8737864077669,145.21970000000002
1547,"Молоко пастеризованное МАРУСЯ отборное 3,5–4,5%, без змж, 930мл",116.89,930мл,milk,Lenta,,,,,930.0,125.68817204301075
1548,"Молоко ультрапастеризованное СЕВЕРНОЕ МОЛОКО Вологодское 3,2%, без змж, 1000г",119.49,1000г,milk,Lenta,,,,,970.8737864077669,123.07469999999999
1549,"Молоко ультрапастеризованное ДОМИК В ДЕРЕВНЕ Для капучино 3,2%, без змж, 950г",178.94,950г,milk,Lenta,,,,,922.3300970873786,194.0086315789474
1550,"Молоко VIOLA UHT 3,2%, без змж, 1000г",189.47,1000г,milk,Lenta,,,,,970.8737864077669,195.1541
1551,"Молоко VIOLA UHT 1,5%, без змж, 1000г",168.42,1000г,milk,Lenta,,,,,970.8737864077669,173.4726
1552,"Молоко VIOLA UHT обезжиренное, 1000г",168.49,1000г,milk,Lenta,,,,,970.8737864077669,173.54470000000003
1553,"Молоко пастеризованное ПРОСТОКВАШИНО 3,2%, без змж, 1400мл",157.89,1400мл,milk,Lenta,,,,,1400.0,112.77857142857142
1554,"Молоко ультрапастеризованное 365 ДНЕЙ 3,2%, без змж, 925мл",77.89,925мл,milk,Lenta,,,,,925.0,84.2054054054054
1555,"Молоко ультрапастеризованное 365 ДНЕЙ 1,5%, без змж, 925мл",59.99,925мл,milk,Lenta,,,,,925.0,64.85405405405406
1556,"Молоко ультрапастеризованное 365 ДНЕЙ 2,5%, без змж, 925мл",72.69,925мл,milk,Lenta,,,,,925.0,78.58378378378377
1557,"Молоко ультрапастеризованное ЭКОНИВА Prof.Line 3,2%, без змж, 1000мл",134.79,1000мл,milk,Lenta,,,,,1000.0,134.79
1558,"Молоко ультрапастеризованное ЭКОНИВА Prof.Line 2,5%, без змж, 1000мл",134.79,1000мл,milk,Lenta,,,,,1000.0,134.79
1559,"Молоко пастеризованное БЕЖИН ЛУГ 2,5%, без змж, 1400г",164.29,1400г,milk,Lenta,,,,,1359.2233009708737,120.8705
1560,"Молоко пастеризованное СЕВЕРНАЯ ДОЛИНА 3,2%, без змж, 900мл",98.99,900мл,milk,Lenta,,,,,900.0,109.98888888888888
1561,"Молоко пастеризованное НАШЕЙ ДОЙКИ 3,4–6%, без змж, 900мл",127.39,900мл,milk,Lenta,,,,,900.0,141.54444444444445
1562,"Молоко ультрапастеризованное ВОЛОГЖАНКА 3,2%, без змж, 1000мл",105.29,1000мл,milk,Lenta,,,,,1000.0,105.29
1563,"Йогурт ЦАРКА Черника 3,5%, без змж, 400г",86.49,400г,yogurt,Lenta,400.0,216.225,,,,
1564,"Йогурт G-BALANCE Греческий 0,7%, без змж, 170г",125.99,170г,yogurt,Lenta,170.0,741.1176470588235,,,,
1565,"Йогурт G-BALANCE Греческий 4%, без змж, 170г",107.49,170г,yogurt,Lenta,170.0,632.2941176470588,,,,
1566,"Йогурт LACTICA Греческий Натуральный 4%, без змж, 190г",122.49,190г,yogurt,Lenta,190.0,644.6842105263157,,,,
1567,"Йогурт LACTICA Греческий с малиной 3% двухслойный, без змж, 190г",131.57,190г,yogurt,Lenta,190.0,692.4736842105262,,,,
1568,"Йогурт ЦАРКА Земляника 3,5%, без змж, 400г",86.39,400г,yogurt,Lenta,400.0,215.975,,,,
1569,"Яйцо куриное РОСКАР Экстра СО столовое, 10шт",147.39,10шт,egg,Lenta,,,10.0,14.738999999999999,,
1570,"Яйцо куриное РОСКАР Экстра СО столовое, 15шт",215.49,15шт,egg,Lenta,,,15.0,14.366000000000001,,
1571,"Яйцо куриное 365 ДНЕЙ С1, 30шт",283.19,30шт,egg,Lenta,,,30.0,9.439666666666666,,
1572,"Яйцо куриное 365 ДНЕЙ СО, 30шт",389.49,30шт,egg,Lenta,,,30.0,12.983,,
1573,"Яйцо куриное 365 ДНЕЙ С1, 10шт",94.79,10шт,egg,Lenta,,,10.0,9.479000000000001,,
1574,"Яйцо куриное 365 ДНЕЙ С2, 30шт",229.49,30шт,egg,Lenta,,,30.0,7.649666666666667,,
1575,"Яйцо куриное СМЕТАНИНО С1, 30шт",410.59,30шт,egg,Lenta,,,30.0,13.686333333333332,,
1576,"Яйцо куриное СМЕТАНИНО СО, 20шт",346.39,20шт,egg,Lenta,,,20.0,17.319499999999998,,
1577,"Яйцо куриное СМЕТАНИНО С1, 10шт",150.59,10шт,egg,Lenta,,,10.0,15.059000000000001,,
1578,"Яйцо куриное СМЕТАНИНО СО, 10шт",136.89,10шт,egg,Lenta,,,10.0,13.688999999999998,,
1579,"Яйцо куриное ВОЛЖАНИН СО, 10шт",135.49,10шт,egg,Lenta,,,10.0,13.549000000000001,,
1580,"Яйцо куриное 365 ДНЕЙ С2, 10шт",76.89,10шт,egg,Lenta,,,10.0,7.689,,
1581,"Яйцо куриное ВОЛЖАНИН Волжское утро СО, 20шт",284.29,20шт,egg,Lenta,,,20.0,14.214500000000001,,
1582,"Яйцо куриное ВОЛЖАНИН С1, 30шт",355.99,30шт,egg,Lenta,,,30.0,11.866333333333333,,
1583,"Яйцо куриное ВАРАКСИНО деревенское СО, 10шт",196.49,10шт,egg,Lenta,,,10.0,19.649,,
1584,"Яйцо куриное СИНЯВИНСКОЕ С1 столовое, 20шт",226.39,20шт,egg,Lenta,,,20.0,11.3195,,
1585,"Яйцо куриное РОСКАР Счастливая курица С1, 20шт",294.79,20шт,egg,Lenta,,,20.0,14.739500000000001,,
1586,"Яйцо куриное ВОЛЖАНИН СВ, 10шт",178.49,10шт,egg,Lenta,,,10.0,17.849,,
1587,"Яйцо куриное ПФ ФЕДОРОВСКАЯ Свободный Выгул СО столовое, 9шт",209.99,9шт,egg,Lenta,,,9.0,23.332222222222224,,
1588,"Яйцо куриное СМЕТАНИНО С1 столовое мытое, 20шт",305.29,20шт,egg,Lenta,,,20.0,15.264500000000002,,
1589,"Яйцо куриное ПРАКСИС С1, 20шт",287.99,20шт,egg,Lenta,,,20.0,14.3995,,
1590,"Яйцо куриное ВОЛЖАНИН СО, 6шт",91.49,6шт,egg,Lenta,,,6.0,15.248333333333333,,
1591,"Яйцо куриное ВОЛЖАНИН С1, 10шт",135.49,10шт,egg,Lenta,,,10.0,13.549000000000001,,
1592,"Яйцо куриное ВОЛЖАНИН С1, 20шт",262.49,20шт,egg,Lenta,,,20.0,13.124500000000001,,
1593,"Яйцо куриное СИНЯВИНСКОЕ деревенское СО, 10шт",152.49,10шт,egg,Lenta,,,10.0,15.249,,
1594,"Яйцо куриное 365 ДНЕЙ СО, 10шт",129.49,10шт,egg,Lenta,,,10.0,12.949000000000002,,
1595,"Яйцо куриное ЛЕНТА FRESH Селен, йод С1, 10шт",124.49,10шт,egg,Lenta,,,10.0,12.449,,
1596,"Яйцо куриное ЛЕНТА FRESH Яркий желток СО, 20шт",292.49,20шт,egg,Lenta,,,20.0,14.624500000000001,,
1597,"Яйцо куриное ЛЕНТА FRESH Яркий желток СО, 10шт",136.89,10шт,egg,Lenta,,,10.0,13.688999999999998,,
1598,"Яйцо куриное ЛЕНТА FRESH Селен, йод С1, 20шт",252.69,20шт,egg,Lenta,,,20.0,12.6345,,
1599,"Яйцо куриное NN С1, 10шт",117.49,10шт,egg,Lenta,,,10.0,11.748999999999999,,
1600,"Яйцо куриное NN С1, 20шт",244.99,20шт,egg,Lenta,,,20.0,12.249500000000001,,
1601,"Яйцо куриное ВАУ МЯУ! Омега-3 СО, 6шт",81.49,6шт,egg,Lenta,,,6.0,13.581666666666665,,
1602,"Яйцо куриное ЛЕНТА FRESH XXL СВ, 10шт",146.49,10шт,egg,Lenta,,,10.0,14.649000000000001,,
1603,"Яйцо куриное ЛЕНТА FRESH С2, 10шт",97.99,10шт,egg,Lenta,,,10.0,9.799,,
1604,"Яйцо куриное ПРАКСИС С1, 10шт",141.09,10шт,egg,Lenta,,,10.0,14.109,,
1605,"Яйцо куриное СЕЛО ЗЕЛЁНОЕ Деревенское СО, 15шт",243.99,15шт,egg,Lenta,,,15.0,16.266000000000002,,
1606,"Яйцо куриное ЛЕНТА СО, 15шт",205.99,15шт,egg,Lenta,,,15.0,13.732666666666667,,
1607,GREEN ACE Dầu đậu nành 2L,129000.0,CHA,soybean_oil,Winmart,,,,,2000.0,64500.0
1608,Dầu đậu nành Meizan chai 2L,128900.0,CHA,soybean_oil,Winmart,,,,,2000.0,64450.0
1609,Gạo Ngọc Nương ST 25 đặc sản 3Kg,123000.0,G1,rice,Winmart,3000.0,41000.0,,,,
1610,Dầu đậu nành Meizan chai 1L,55800.0,CHA,soybean_oil,Winmart,,,,,1000.0,55800.0
1611,Nước mắm Nam Ngư Đệ nhị 900ml,26500.0,CHA,fish_sauce,Winmart,,,,,900.0,29444.44444444444
1612,Nước mắm Nam Ngư  chai 1.2L,65000.0,CHA,fish_sauce,Winmart,,,,,1200.0,54166.666666666664
1613,Rau muống WinEco gói  500g,16500.0,G1,water_spinach,Winmart,500.0,33000.0,,,,
1614,Cà chua đỏ  WinEco,32900.0,KG,tomato,Winmart,1000.0,32900.0,,,,
1615,MEATDELI Thịt đùi heo (S),144900.0,KG,pork_leg,Winmart,1000.0,144900.0,,,,
1616,MEATDELI Thịt Nạc đùi heo (S),151900.0,KG,pork_leg,Winmart,1000.0,151900.0,,,,
1617,Dưa chuột baby WinEco gói 500g,16900.0,KH,cucumber,Winmart,500.0,33800.0,,,,
1618,Gạo ST25 Giống Cây Trồng TW túi 3kg,107000.0,G1,rice,Winmart,3000.0,35666.666666666664,,,,
1619,Cam Ai Cập,79900.0,KG,orange,Winmart,1000.0,79900.0,,,,
1620,Thùng 48 hộp sữa tươi tiệt trùng Vinamilk không đường 180ml,396000.0,T,milk,Winmart,,,,,8640.0,45833.333333333336
1621,Sữa tiệt trùng Cô gái Hà Lan không đường hộp 1lít,35900.0,HOP,milk,Winmart,,,,,1000.0,35900.0
1622,Sữa tươi tiệt trùng nguyên kem Meadow Fresh hộp 1L,53500.0,HOP,milk,Winmart,,,,,1000.0,53500.0
1623,Sữa tươi tiệt trùng Vinamilk không đường hộp 1 lít,37900.0,HOP,milk,Winmart,,,,,1000.0,37900.0
1624,Sữa tươi tiệt trùng nguyên chất TH True Milk hộp 1 lít,40200.0,HOP,milk,Winmart,,,,,1000.0,40200.0
1625,Sữa thanh trùng Dalat Milk không đường hộp 180ml,12500.0,HOP,milk,Winmart,,,,,180.0,69444.44444444444
1626,Sữa thanh trùng Dalat Milk không đường 950ml,47600.0,HOP,milk,Winmart,,,,,950.0,50105.26315789474
1627,Sữa thanh trùng nguyên chất TH Milk 950ml,45700.0,HOP,milk,Winmart,,,,,950.0,48105.26315789474
1628,Sữa tiệt trùng Vinamilk không đường túi 220ml,7400.0,G1,milk,Winmart,,,,,220.0,33636.36363636363
1629,Thùng 48 túi sữa tươi tiệt trùng Cô gái Hà Lan không đường 180ml,369600.0,T,milk,Winmart,,,,,8640.0,42777.77777777778
1630,Thùng 48 hộp sữa tươi tiệt trùng Dutch Lady không đường 180ml,405600.0,T,milk,Winmart,,,,,8640.0,46944.444444444445
1631,Sữa tươi tiệt trùng nguyên chất TH True Milk thùng 48 gói x 220ml,451200.0,T,milk,Winmart,,,,,10560.0,42727.27272727273
1632,Sữa tiệt trùng Vinamilk Flex không đường hộp 1L,37400.0,HOP,milk,Winmart,,,,,1000.0,37400.0
1633,Sữa tươi tiệt trùng ít béo Meadow Fresh hộp 1L,49800.0,HOP,milk,Winmart,,,,,1000.0,49800.0
1634,Sữa tươi tiệt trùng Meadow Fresh giàu canxi hộp 1L,58800.0,HOP,milk,Winmart,,,,,1000.0,58800.0
1635,Thùng 48 hộp sữa tươi tiệt trùng nguyên chất TH True Milk 180ml,462000.0,T,milk,Winmart,,,,,8640.0,53472.22222222222
1636,Lốc 4 hộp sữa tươi tiệt trùng nguyên chất THtrue Milk 110ml,25600.0,G4,milk,Winmart,,,,,440.0,58181.81818181818
1637,Sữa tiệt trùng tự nhiên Dalatmilk 220ml,9400.0,G1,milk,Winmart,,,,,220.0,42727.27272727273
1638,Lốc 4 hộp sữa tươi tiệt trùng không đường Vinamilk Green Farm 180ml,40500.0,G4,milk,Winmart,,,,,720.0,56250.0
1639,Lốc 4 hộp sữa tiệt trùng THTRUE MILK topkid 180ml,57400.0,G4,milk,Winmart,,,,,720.0,79722.22222222223
1640,Sữa tươi thanh trùng Meiji hộp 946ml,66500.0,HOP,milk,Winmart,,,,,946.0,70295.98308668076
1641,Sữa tươi thanh trùng Meiji 4.3% hộp 946ml,71000.0,HOP,milk,Winmart,,,,,946.0,75052.85412262157
1642,Sữa đặc có đường Ông Thọ Vinamilk lon 380g,28500.0,HOP,condensed_milk,Winmart,380.0,75000.0,,,,
1643,Sữa đặc có đường Ông Thọ đỏ lon 380g,26700.0,HOP,condensed_milk,Winmart,380.0,70263.15789473684,,,,
1644,Sữa đặc có đường nguyên kem Dutch Lady hộp 380g,34400.0,HOP,condensed_milk,Winmart,380.0,90526.31578947368,,,,
1645,Sữa đặc có đường Hoàn Hảo 380g,21400.0,HOP,condensed_milk,Winmart,380.0,56315.78947368421,,,,
1646,"Sữa đặc có đường Ông Thọ hộp 1,284kg",83000.0,HOP,condensed_milk,Winmart,1284.0,64641.74454828661,,,,
1647,Sữa Đặc Có Đường Ông Thọ Đỏ Tuýp 165g,21600.0,HOP,condensed_milk,Winmart,165.0,130909.09090909091,,,,
1648,Sữa đặc Tài Lộc Vinamilk 380g,16200.0,HOP,condensed_milk,Winmart,380.0,42631.57894736842,,,,
1649,Sữa đặc có đường Ông Thọ đỏ hộp giấy 380g,27300.0,HOP,condensed_milk,Winmart,380.0,71842.1052631579,,,,
1650,Sữa đặc có đường Ông Thọ chữ xanh - Hộp giấy 380g,28500.0,HOP,condensed_milk,Winmart,380.0,75000.0,,,,
1651,Sữa đặc có đường Ngôi Sao Phương Nam hộp giấy 380g (Xanh lá),21400.0,HOP,condensed_milk,Winmart,380.0,56315.78947368421,,,,
1652,Lốc 4 hộp sữa chua ăn Meiji nguyên chất 90g,36300.0,G4,yogurt,Winmart,360.0,100833.33333333333,,,,
1653,Lốc 4 hộp sữa chua ăn Meiji dâu tây 90g,39300.0,G4,yogurt,Winmart,360.0,109166.66666666667,,,,
1654,Lốc 4 hộp sữa chua ăn Meiji thạch dừa 90g,39300.0,G4,yogurt,Winmart,360.0,109166.66666666667,,,,
1655,Sữa chua Hy Lạp  Famers UnionVị tự nhiên hộp 1kg,217400.0,HOP,yogurt,Winmart,1000.0,217400.0,,,,
1656,Sữa chua Hoff vị nguyên bản vỉ 4 hộp 55g,45700.0,G4,yogurt,Winmart,220.0,207727.2727272727,,,,
1657,Sữa chua hoa quả Hoff vị táo vỉ 4 hộp 55g,45700.0,G4,yogurt,Winmart,220.0,207727.2727272727,,,,
1658,Sữa chua hoa quả Hoff vị chuối vỉ 4 hộp 55g,45700.0,G4,yogurt,Winmart,220.0,207727.2727272727,,,,
1659,Sữa chua hoa quả Hoff vị dâu tây vỉ 4 hộp 55g,45700.0,G4,yogurt,Winmart,220.0,207727.2727272727,,,,
1660,Sữa Chua Ăn TH true YOGURT Ít Đường,7600.0,HOP,yogurt,Winmart,100.0,76000.0,,,,
1661,Sữa chua ăn LoveYogurt Trân Châu Đường Đen hộp 100g,9600.0,HOP,yogurt,Winmart,100.0,96000.0,,,,
1663,Sữa chua ăn Vinamilk Love Yogurt Green Farm ít đường hộp 100g,7500.0,HOP,yogurt,Winmart,100.0,75000.0,,,,
1664,Sữa chua ăn TH Milk topkid chuối lúa mạch 60g,6400.0,G1,yogurt,Winmart,60.0,106666.66666666667,,,,
1665,Sữa chua ăn tự nhiên Farmers Union Greek Style 500g,138000.0,HOP,yogurt,Winmart,500.0,276000.0,,,,
1666,Sữa chua ăn vị mật ong Farmers Union Greek Style Lốc 2 hộp x 140g,76600.0,G2,yogurt,Winmart,280.0,273571.4285714286,,,,
1667,Bắp cải trắng,15900.0,KG,cabbage,Winmart,1000.0,15900.0,,,,
1668,Rau muống gói 500g,14500.0,G1,water_spinach,Winmart,500.0,29000.0,,,,
1669,Rau muống Organic Vinamit  gói 300g,29000.0,G1,water_spinach,Winmart,300.0,96666.66666666667,,,,
1670,Dưa chuột WinEco gói 500g,15900.0,KH,cucumber,Winmart,500.0,31800.0,,,,
1671,Cà chua cherry đỏ WinEco gói 300g,17900.0,HOP,tomato,Winmart,300.0,59666.666666666664,,,,
1672,Cà rốt,24900.0,KG,carrot,Winmart,1000.0,24900.0,,,,
1673,Hành tây,26900.0,KG,onion,Winmart,1000.0,26900.0,,,,
1674,Cà chua Đà Lạt,30900.0,KG,tomato,Winmart,1000.0,30900.0,,,,
1675,Cà tím dài,21900.0,KG,eggplant,Winmart,1000.0,21900.0,,,,
1676,Cà chua Beef,35900.0,KG,tomato,Winmart,1000.0,35900.0,,,,
1677,Cà chua beef Globalgap khay 500g,34000.0,KH,tomato,Winmart,500.0,68000.0,,,,
1678,Dưa leo cocktail Globalgap 500g,25900.0,KH,cucumber,Winmart,500.0,51800.0,,,,
1679,Cà chua chocolate  300g,27900.0,HOP,tomato,Winmart,300.0,93000.0,,,,
1680,Xoài cát chu,54900.0,KG,mango,Winmart,1000.0,54900.0,,,,
1681,Xoài tứ quý,46000.0,KG,mango,Winmart,1000.0,46000.0,,,,
1682,Chuối cau,22900.0,KG,banana,Winmart,1000.0,22900.0,,,,
1684,Xoài dài giống Đài Loan,28000.0,KG,mango,Winmart,1000.0,28000.0,,,,
1685,Xoài cát hòa lộc,79000.0,KG,mango,Winmart,1000.0,79000.0,,,,
1686,Xoài giống Úc,49900.0,KG,mango,Winmart,1000.0,49900.0,,,,
1687,Chuối dole,39900.0,KG,banana,Winmart,1000.0,39900.0,,,,
1688,Xoài keo,24900.0,KG,mango,Winmart,1000.0,24900.0,,,,
1689,Chuối sứ,20900.0,KG,banana,Winmart,1000.0,20900.0,,,,
1690,Cam sành loại 1,22900.0,KG,orange,Winmart,1000.0,22900.0,,,,
1691,Chuối Fesepia,36900.0,KG,banana,Winmart,1000.0,36900.0,,,,
1692,Xoài keo bao vàng,39900.0,KG,mango,Winmart,1000.0,39900.0,,,,
1693,Fillet gà CP khay 500g,50900.0,G1,chicken_fillet,Winmart,500.0,101800.0,,,,
1694,UNITEK Ức gà Fillet không da công nghiệp,99900.0,KG,chicken_fillet,Winmart,1000.0,99900.0,,,,
1695,3F Phi lê ức gà không da,106900.0,KG,chicken_fillet,Winmart,1000.0,106900.0,,,,
1696,Ức gà Slim & Fit 3F,117900.0,KG,chicken_fillet,Winmart,1000.0,117900.0,,,,
1697,Café xay Trung Nguyên Sáng Tạo 8 gói 250g,319000.0,G1,ground_coffee,Winmart,250.0,1276000.0,,,,
1698,Café Chế phin Trung Nguyên gói 500g,157000.0,G1,ground_coffee,Winmart,500.0,314000.0,,,,
1699,Cà phê rang xay Sáng Tạo 2 Trung Nguyên gói 340g,109000.0,G1,ground_coffee,Winmart,340.0,320588.23529411765,,,,
1700,Cà phê Sáng Tạo 1 Trung Nguyên gói 340g,94000.0,G1,ground_coffee,Winmart,340.0,276470.58823529416,,,,
1701,Cà phê rang xay Sáng Tạo 4 Trung Nguyên gói 340g,151000.0,G1,ground_coffee,Winmart,340.0,444117.64705882355,,,,
1702,Cà phê Sáng Tạo số 5 gói 340g,184000.0,G1,ground_coffee,Winmart,340.0,541176.4705882353,,,,
1703,Cà phê Sáng Tạo số 3 Trung Nguyên gói 340g,133000.0,G1,ground_coffee,Winmart,340.0,391176.4705882353,,,,
1704,Cà phê chế phin 5 Trung Nguyên gói 500g,298000.0,G1,ground_coffee,Winmart,500.0,596000.0,,,,
1705,Cà phê Nâu Trung Nguyên Sức sống gói 500g,138000.0,G1,ground_coffee,Winmart,500.0,276000.0,,,,
1706,Cà phê rang xay đặc biệt Trung Nguyên gói 500g,93000.0,G1,ground_coffee,Winmart,500.0,186000.0,,,,
1707,Cà phê Khát Vọng Trung Nguyên gói 500g,109000.0,G1,ground_coffee,Winmart,500.0,218000.0,,,,
1708,Café Mr.Viet bột arabica 250g,149200.0,G1,ground_coffee,Winmart,250.0,596800.0,,,,
1709,Cà phê bột Mr.Viet hương chồn 250g,176700.0,G1,ground_coffee,Winmart,250.0,706800.0,,,,
1710,Nước uống tinh khiết Dasani chai 1.5 lít,9500.0,CHA,water,Winmart,,,,,1500.0,6333.333333333333
1711,Nước uống đóng chai Aquafina 1.5 lít,11600.0,CHA,water,Winmart,,,,,1500.0,7733.333333333333
1712,Nước uống Aquafina chai 5L,29500.0,CHA,water,Winmart,,,,,5000.0,5900.0
1713,Nước uống đóng chai Aquafina thùng 24 chai x 355ml,118000.0,T,water,Winmart,,,,,8520.0,13849.765258215963
1714,Nước uống đóng chai Dasani chai 500ml,111000.0,T,water,Winmart,,,,,12000.0,9250.0
1715,Nước khoáng thiên nhiên Evian chai 330ml,27500.0,CHA,water,Winmart,,,,,330.0,83333.33333333333
1716,Nước khoáng thiên nhiên Evian chai 1.5L,72500.0,CHA,water,Winmart,,,,,1500.0,48333.333333333336
1717,Nước khoáng thiên nhiên Lavie thùng 24 chai x 350ml,114000.0,T,water,Winmart,,,,,8400.0,13571.42857142857
1718,Nước khoáng thiên nhiên Lavie thùng 24 chai x 500ml,119000.0,T,water,Winmart,,,,,12000.0,9916.666666666666
1719,"Nước tinh khiết TH True Water 1,5L",10800.0,CHA,water,Winmart,,,,,1500.0,7200.0
1720,Trà Ô long Trà Đại Gia gói 100g,69700.0,G1,green_tea,Winmart,100.0,697000.0,,,,
1721,Trà xanh Cozy hương sen hộp 50g,33100.0,HOP,green_tea,Winmart,50.0,662000.0,,,,
1722,Trà đen Cozy hương dâu hộp 50g,37100.0,HOP,black_tea,Winmart,50.0,742000.0,,,,
1723,Trà Cozy hương đào hộp 50g,37100.0,HOP,black_tea,Winmart,50.0,742000.0,,,,
1724,Trà hương nhài Cozy hộp 50g,33100.0,HOP,green_tea,Winmart,50.0,662000.0,,,,
1725,Trà Đại Gia bắc thái gói 500g,162000.0,G1,green_tea,Winmart,500.0,324000.0,,,,
1726,Trà xanh Thái Nguyên đặc biệt Trà Đại Gia gói 150g,75500.0,G1,green_tea,Winmart,150.0,503333.3333333333,,,,
1727,Trà Ô long thượng hạng  Đại Gia gói 150g,141400.0,G1,green_tea,Winmart,150.0,942666.6666666666,,,,
1728,Trà Ceylon Dilmah hương bạc hà hộp 30g,49000.0,HOP,black_tea,Winmart,30.0,1633333.3333333333,,,,
1729,Trà Ô long Vân Tiên Cozy gói 100g,107000.0,G1,green_tea,Winmart,100.0,1070000.0,,,,
1730,Trà Ô long thượng Phúc Long  hạng gói 150g,157100.0,G1,green_tea,Winmart,150.0,1047333.3333333333,,,,
1731,Trà Dilmah Ceylon Gold – hộp 50g/ 25 túi lọc,43000.0,HOP,black_tea,Winmart,50.0,860000.0,,,,
1732,Trà đen hảo hạng túi lọc VINATEA hộp 50g,33100.0,HOP,black_tea,Winmart,50.0,662000.0,,,,
1733,Trà hoa cúc mật ong Vinatea hộp 40g,44100.0,HOP,black_tea,Winmart,40.0,1102500.0,,,,
1734,Trà ướp nhài tự nhiên Vinatea 100g,93200.0,HOP,green_tea,Winmart,100.0,932000.0,,,,
1735,Trà hoa nhài Vinatea hộp 50g,41800.0,HOP,green_tea,Winmart,50.0,836000.0,,,,
1736,Trà Tân Cương nõn tôm Việt Hoa,184600.0,G1,green_tea,Winmart,250.0,738400.0,,,,
1737,Mì Ý Angel Hair Barilla hộp 500g,75500.0,G1,spaghetti,Winmart,500.0,151000.0,,,,
1738,Mì Spaghettini n.3 Barilla hộp 500g,75500.0,G1,spaghetti,Winmart,500.0,151000.0,,,,
1739,Mì Spaghetti Barilla số 5 hộp 500g,75500.0,G1,spaghetti,Winmart,500.0,151000.0,,,,
1740,Mì Ý spaghetti số 3 Pasta Zara gói 500g,36700.0,G1,spaghetti,Winmart,500.0,73400.0,,,,
1741,Mì spaghetti số 25 Santa Lucia gói 500g,43100.0,G1,spaghetti,Winmart,500.0,86200.0,,,,
1742,Mì sợi tròn spaghetti Golden Farm gói 500g,39300.0,G1,spaghetti,Winmart,500.0,78600.0,,,,
1743,Mì Spaghetti Olivoilà sợi N.5 500g,47300.0,HOP,spaghetti,Winmart,500.0,94600.0,,,,
1744,Mì Ý Agnesi Spaghettini N’2 500g,62000.0,G1,spaghetti,Winmart,500.0,124000.0,,,,
1745,Mì Ý Agnesi Spaghettini N’3 500g,62000.0,G1,spaghetti,Winmart,500.0,124000.0,,,,
1746,Mì Ý Ottogi 500g,42900.0,G1,spaghetti,Winmart,500.0,85800.0,,,,
1747,Bún khô Safoco gói 400g,29700.0,G1,rice_noodles,Winmart,400.0,74250.0,,,,
1748,Bún tươi Safoco gói 300g,21800.0,G1,rice_noodles,Winmart,300.0,72666.66666666667,,,,
1749,Gạo Ngọc Nương Lức đỏ túi 1kg,51000.0,G1,rice,Winmart,1000.0,51000.0,,,,
1750,Gạo ST25  Ngọc Nương túi 5Kg,189000.0,G1,rice,Winmart,5000.0,37800.0,,,,
1751,Gạo Lúa Tôm ST25 Ngọc Nương túi 5Kg,199000.0,G1,rice,Winmart,5000.0,39800.0,,,,
1752,Gạo Japonica Neptune bịch 5kg,137600.0,G1,rice,Winmart,5000.0,27520.0,,,,
1753,Gạo Ngọc Nương ST25 3 Kg,115000.0,G1,rice,Winmart,3000.0,38333.333333333336,,,,
1754,Bánh mỳ Paket Bảo Ngọc gói 108g,12200.0,G1,bread,Winmart,108.0,112962.96296296296,,,,
1755,Bánh Sandwich nhỏ  Bảo Ngọc  gói 275g,20000.0,G1,bread,Winmart,275.0,72727.27272727274,,,,
1756,Bánh mì sandwich Staff gói 275g,19000.0,G1,bread,Winmart,275.0,69090.90909090909,,,,
1757,Bánh mỳ Otto Sandwich tươi lạt gói 220g,16500.0,G1,bread,Winmart,220.0,75000.0,,,,
1758,Sữa chua nếp cẩm Saigon milk hộp 120g,13000.0,HOP,yogurt,Winmart,120.0,108333.33333333333,,,,
1759,Dầu đậu nành Simply chai 1 lít,69100.0,CHA,soybean_oil,Winmart,,,,,1000.0,69100.0
1760,Dầu đậu nành Simply chai 2L,138100.0,CHA,soybean_oil,Winmart,,,,,2000.0,69050.0
1761,Dầu đậu nành can  Simply chai 5L,339300.0,CHA,soybean_oil,Winmart,,,,,5000.0,67860.0
1762,Dầu hướng dương chai  Simply chai 1L,84900.0,CHA,sunflower_oil,Winmart,,,,,1000.0,84900.0
1763,Dầu đậu nành Meizan can 5L,316300.0,CHA,soybean_oil,Winmart,,,,,5000.0,63260.0
1764,Dầu nành Tường An can 5L,344200.0,CHA,soybean_oil,Winmart,,,,,5000.0,68840.0
1765,Dầu đậu nành Tường An chai 2L,140400.0,CHA,soybean_oil,Winmart,,,,,2000.0,70200.0
1766,Dầu nành Tường An chai 1L,70200.0,CHA,soybean_oil,Winmart,,,,,1000.0,70200.0
1767,Dầu hướng dương Organic Sloboda chai 1 lít,68000.0,CHA,sunflower_oil,Winmart,,,,,1000.0,68000.0
1768,Dầu đậu nành TƯỜNG AN Marvela 2L,140600.0,CHA,soybean_oil,Winmart,,,,,2000.0,70300.0
1769,Dầu đậu nành TƯỜNG AN Marvela 1L,68500.0,CHA,soybean_oil,Winmart,,,,,1000.0,68500.0
1770,Dầu đậu nành Gold Tiara 2L,137500.0,CHA,soybean_oil,Winmart,,,,,2000.0,68750.0
1771,Dầu Hướng Dương Tsar 1L,68200.0,CHA,sunflower_oil,Winmart,,,,,1000.0,68200.0
1772,Dầu đậu nành Janbee chai 1L,70300.0,CHA,soybean_oil,Winmart,,,,,1000.0,70300.0
1773,Dầu hướng dương Sloboda 1.8L,140000.0,CHA,sunflower_oil,Winmart,,,,,1800.0,77777.77777777777
1774,Dầu hướng dương Mamrukovskoe 1000ml,82900.0,CHA,sunflower_oil,Winmart,,,,,1000.0,82900.0
1775,Dầu đậu nành không biến đổi gen Amur Pearl chai 1L,69300.0,CHA,soybean_oil,Winmart,,,,,1000.0,69300.0
1776,Nước mắm Knorr ngon tròn vị 15 độ đạm 750ml,59400.0,CHA,fish_sauce,Winmart,,,,,750.0,79200.0
1777,Nước mắm Knorr cao cấp 43 độ đạm chai thủy tinh 500ml,114900.0,CHA,fish_sauce,Winmart,,,,,500.0,229800.0
1778,Nước mắm cá cơm Phú Quốc Hồng Hạnh chai 650ml,98300.0,CHA,fish_sauce,Winmart,,,,,650.0,151230.76923076922
1779,Nước mắm Phú Quốc Thanh Quốc chai 520ml,136300.0,CHA,fish_sauce,Winmart,,,,,520.0,262115.38461538465
1780,Nước mắm Nam Ngư chai 750ml,52000.0,CHA,fish_sauce,Winmart,,,,,750.0,69333.33333333333
1781,Nước mắm nhỉ chánh hiệu Thanh Hà 40 độ đạm chai 520ml,126500.0,CHA,fish_sauce,Winmart,,,,,520.0,243269.23076923078
1782,Nước mắm Nam Ngư chai 900ml,60200.0,CHA,fish_sauce,Winmart,,,,,900.0,66888.88888888889
1783,Nước mắm nhĩ chính hiệu Phú Quốc 35 độ đạm Thanh Hà chai 520ml,102100.0,CHA,fish_sauce,Winmart,,,,,520.0,196346.15384615384
1784,Nước mắm Phú Quốc Ông Kỳ chai 525ml,132700.0,CHA,fish_sauce,Winmart,,,,,525.0,252761.90476190476
1785,Nước mắm Phú Quốc Ông Kỳ 38 độ đạm chai 525ml,118800.0,CHA,fish_sauce,Winmart,,,,,525.0,226285.7142857143
1786,Nước mắm Phú Quốc Ông Kỳ 35 độ đạm chai 525ml,108100.0,CHA,fish_sauce,Winmart,,,,,525.0,205904.7619047619
1787,Nước mắm cao cấp Barona vị xưa chai 500ml,83400.0,CHA,fish_sauce,Winmart,,,,,500.0,166800.0
1788,Nước mắm Hạnh Phúc 40B chai 500ml,82600.0,CHA,fish_sauce,Winmart,,,,,500.0,165200.0
1789,Nước mắm cá cơm 60 độ đạm Hạnh Phúc  50ml,199100.0,HOP,fish_sauce,Winmart,,,,,600.0,331833.3333333333
1790,Nước mắm cá cơm 50 độ đạm Hạnh Phúc chai 500ml,104100.0,CHA,fish_sauce,Winmart,,,,,500.0,208200.0
1791,Nước mắm Hạnh Phúc 60N chai 250ml,73100.0,CHA,fish_sauce,Winmart,,,,,250.0,292400.0
1792,Nước mắm cá cơm Cholimex chai 750g,81800.0,CHA,fish_sauce,Winmart,,,,,750.0,109066.66666666666
1793,Nước mắm cá cơm 60 độ đạm Hạnh Phúc chai 500ml,138000.0,CHA,fish_sauce,Winmart,,,,,500.0,276000.0
1794,Nước mắm nhỉ cá cơm 30 độ đạm 584 Nha Trang chai 500ml,55000.0,CHA,fish_sauce,Winmart,,,,,500.0,110000.0
1795,Nước mắm Hạnh Phúc 60N 50ml,18000.0,CHA,fish_sauce,Winmart,,,,,50.0,360000.0
1796,Nước mắm Barona đặc biệt Hải Nhi chai 50ml,25400.0,CHA,fish_sauce,Winmart,,,,,50.0,508000.0
1797,Nước mắm cá cơm siêu hạng Hưng Thịnh 35 độ đạm chai 620ml,59900.0,CHA,fish_sauce,Winmart,,,,,620.0,96612.90322580645
1798,Nước mắm cá cơm đặc sản Hưng Thịnh 40 độ đạm chai 750ml,86400.0,CHA,fish_sauce,Winmart,,,,,750.0,115200.0
1799,Nước mắm CHIN-SU cá cơm biển đông 720ml,61000.0,CHA,fish_sauce,Winmart,,,,,720.0,84722.22222222223
1800,Nước mắm Chin Su cao cấp biển đông khẩu vị Nhật 500m,102000.0,CHA,fish_sauce,Winmart,,,,,500.0,204000.0
1801,Nước mắm Nam Ngư cao cấp ủ chượp và đóng chai tại Phú Quốc  chai 500ml,65000.0,CHA,fish_sauce,Winmart,,,,,500.0,130000.0
1802,Nước mắm cá cơm Thuận Phát 30N chai 620ml,65500.0,CHA,fish_sauce,Winmart,,,,,620.0,105645.16129032258
1803,Nước mắm Cá Cơm Thuận Phát 40N chai 490ml,68900.0,CHA,fish_sauce,Winmart,,,,,490.0,140612.2448979592
1804,Nước mắm Cá Cơm Thuận Phát 60N chai 490ml,145000.0,CHA,fish_sauce,Winmart,,,,,490.0,295918.3673469388
1805,Nước mắm cá cơm Thuận Phát 40 độ đạm chai 610ml,82500.0,CHA,fish_sauce,Winmart,,,,,610.0,135245.90163934426
1806,Nước mắm Cá Cơm Than Thuận Phát chai 490ml,27200.0,CHA,fish_sauce,Winmart,,,,,490.0,55510.20408163265
1807,Nước mắm Khải Hoàn 38N chai 520ml,103200.0,CHA,fish_sauce,Winmart,,,,,520.0,198461.53846153844
1808,Đường mía thượng hạng Biên Hòa gói 500g,17800.0,G1,sugar,Winmart,500.0,35600.0,,,,
1809,Đường mía thượng hạng Biên Hòa gói 1kg,30800.0,G1,sugar,Winmart,1000.0,30800.0,,,,
1810,Đường trắng cao cấp Biên Hòa Daily gói 1kg,34800.0,G1,sugar,Winmart,1000.0,34800.0,,,,
1811,Đường túi Biên Hòa Pure 1kg,32900.0,G1,sugar,Winmart,1000.0,32900.0,,,,
1812,Muối biển Visaco Mặt trời (tinh) 450g,7300.0,G1,salt,Winmart,450.0,16222.22222222222,,,,
1813,Trứng gà Ba Huân hộp 10 quả,33800.0,HOP,egg,Winmart,,,10.0,3380.0,,
1814,Trứng gà hộp 6 quả Ba Huân,20500.0,HOP,egg,Winmart,,,6.0,3416.6666666666665,,
1815,Trứng Gà Sạch O'LALA hộp 10_Size L,30500.0,HOP,egg,Winmart,,,10.0,3050.0,,
1816,Trứng Gà Ta O'LALA Sạch giỏ 10,43000.0,HOP,egg,Winmart,,,10.0,4300.0,,
1817,Tàu hũ bổ dưỡng Tafu gói 300g,10400.0,CAI,tofu,Winmart,300.0,34666.666666666664,,,,
1818,Tàu hũ mềm Ichiban hộp 300g,12800.0,HOP,tofu,Winmart,300.0,42666.666666666664,,,,
1819,Đậu hũ đậu hũ Làng Mơ Thai corp,15900.0,HOP,tofu,Winmart,500.0,31800.0,,,,
1820,Cà chua loại so kg,26000.0,kg,tomato,Co.op,1000.0,26000.0,,,,
1821,Cà chua Beef kg,26900.0,kg,tomato,Co.op,1000.0,26900.0,,,,
1822,Cà rốt nhỏ 400g – F,29000.0,kg,carrot,Co.op,400.0,72500.0,,,,
1823,Hành tây baby 300g – F,19000.0,kg,onion,Co.op,300.0,63333.333333333336,,,,
1824,Cà chua trứng Coop Select kg-TNX,32900.0,kg,tomato,Co.op,1000.0,32900.0,,,,
1825,Cà chua trái cây Ngọc Bích Coop Select – 300g,29000.0,hộp,tomato,Co.op,300.0,96666.66666666667,,,,
1826,Cà rốt Coop Select kg,29900.0,bịch,carrot,Co.op,1000.0,29900.0,,,,
1827,Củ hành tây Coop Select kg – TNX,24900.0,túi,onion,Co.op,1000.0,24900.0,,,,
1828,Cà chua beef Coop Select kg – Viet Farm,35900.0,hộp,tomato,Co.op,1000.0,35900.0,,,,
1829,Dưa leo Coop Select kg,23900.0,kg,cucumber,Co.op,1000.0,23900.0,,,,
1830,Cà rốt baby Coop Select 200g,18900.0,vỉ,carrot,Co.op,200.0,94500.0,,,,
1831,Cà chua trái cây 3 màu Coop Select 300g,22900.0,hộp,tomato,Co.op,300.0,76333.33333333333,,,,
1832,Cà chua trái cây vàng Coop Select 300g,22900.0,hộp,tomato,Co.op,300.0,76333.33333333333,,,,
1833,Cà chua trái cây choco Coop Select 300g,22900.0,hộp,tomato,Co.op,300.0,76333.33333333333,,,,
1834,Dưa leo kg – HN – CX,29000.0,kg,cucumber,Co.op,1000.0,29000.0,,,,
1835,Hành tây Đà Lạt kg,17900.0,kg,onion,Co.op,1000.0,17900.0,,,,
1836,Cà chua bi kg,33500.0,kg,tomato,Co.op,1000.0,33500.0,,,,
1837,Dưa leo – kg,23200.0,kg,cucumber,Co.op,1000.0,23200.0,,,,
1838,Cà Chua – kg,23900.0,kg,tomato,Co.op,1000.0,23900.0,,,,
1839,Cà rốt Đà Lạt – Kg,14900.0,kg,carrot,Co.op,1000.0,14900.0,,,,
1840,Dưa leo giống Nhật Coop Select kg,34900.0,kg,cucumber,Co.op,1000.0,34900.0,,,,
1841,Dưa leo baby Coop Select,28900.0,kg,cucumber,Co.op,1000.0,28900.0,,,,
1842,Bắp cải trắng Coop Select kg – TNX,15900.0,kg,cabbage,Co.op,1000.0,15900.0,,,,
1843,Rau muống baby organic 400g – F,25900.0,gói,water_spinach,Co.op,400.0,64750.0,,,,
1844,Rau muống Coop Organic 300g,28000.0,gói,water_spinach,Co.op,300.0,93333.33333333333,,,,
1845,Rau muống baby 250gr – F,20500.0,gói,water_spinach,Co.op,250.0,82000.0,,,,
1846,Rau muống con Coop 300g,13500.0,gói,water_spinach,Co.op,300.0,45000.0,,,,
1847,Rau muống nước,25000.0,kg,water_spinach,Co.op,1000.0,25000.0,,,,
1848,Rau muống hữu cơ Viet RAP 300g – CX,19000.0,gói,water_spinach,Co.op,300.0,63333.333333333336,,,,
1849,Bắp cải trắng – kg,12900.0,kg,cabbage,Co.op,1000.0,12900.0,,,,
1850,Rau muống baby Coop Select gói 280g,13500.0,gói,water_spinach,Co.op,280.0,48214.28571428572,,,,
1851,Rau muống Coop đóng gói 500g,16500.0,gói,water_spinach,Co.op,500.0,33000.0,,,,
1852,Cam vàng Ai Cập hộp 4T 1kg-H990 – F,139000.0,kg,orange,Co.op,1000.0,139000.0,,,,
1853,Cam Úc,65900.0,kg,orange,Co.op,1000.0,65900.0,,,,
1854,Cam sành Coop Select kg – RPL,23900.0,kg,orange,Co.op,1000.0,23900.0,,,,
1855,Cam sành loại 1 – kg,20900.0,kg,orange,Co.op,1000.0,20900.0,,,,
1856,Cam xoàn loại 1 kg,42500.0,kg,orange,Co.op,1000.0,42500.0,,,,
1857,Cam Ai Cập,49900.0,kg,orange,Co.op,1000.0,49900.0,,,,
1858,Xoài cát Cần Giờ Coop Select M kg,89000.0,kg,mango,Co.op,1000.0,89000.0,,,,
1859,Cà chua bi đỏ Coop Organic 250g – QL,39900.0,vỉ,tomato,Co.op,250.0,159600.0,,,,
1860,Cà chua bi vàng Coop Organic 250g – QL,39900.0,vỉ,tomato,Co.op,250.0,159600.0,,,,
1861,Xoài giống úc kg,39900.0,kg,mango,Co.op,1000.0,39900.0,,,,
1862,Xoài xanh giống Thái,53800.0,kg,mango,Co.op,1000.0,53800.0,,,,
1863,Xoài cát Hòa Lộc L2 – kg,89500.0,kg,mango,Co.op,1000.0,89500.0,,,,
1864,Xoài cát chu – kg,50900.0,kg,mango,Co.op,1000.0,50900.0,,,,
1865,Chuối sáp sống kg,29500.0,kg,banana,Co.op,1000.0,29500.0,,,,
1866,Xoài giống Đài Loan L1 kg,18500.0,kg,mango,Co.op,1000.0,18500.0,,,,
1867,Xoài cát chu da vàng – kg,54900.0,kg,mango,Co.op,1000.0,54900.0,,,,
1868,Xoài keo vàng,14500.0,kg,mango,Co.op,1000.0,14500.0,,,,
1869,Chuối cau,15900.0,kg,banana,Co.op,1000.0,15900.0,,,,
1870,Xoài Tứ Quý,35900.0,kg,mango,Co.op,1000.0,35900.0,,,,
1871,Chuối sứ – kg,19200.0,kg,banana,Co.op,1000.0,19200.0,,,,
1872,Xoài cát Hòa Lộc L1 – kg,101900.0,kg,mango,Co.op,1000.0,101900.0,,,,
1873,Chuối vàng Laha giống Philippin kg – Bảo Phương,34900.0,kg,banana,Co.op,1000.0,34900.0,,,,
1874,Chuối Coop Select L1 kg,31900.0,kg,banana,Co.op,1000.0,31900.0,,,,
1875,Xoài keo,15900.0,kg,mango,Co.op,1000.0,15900.0,,,,
1876,Phi lê gà công nghiệp Coop Select 500g – JF,45600.0,vỉ,chicken_fillet,Co.op,500.0,91200.0,,,,
1878,File gà công nghiệp 500g – Leboucher,49000.0,vỉ,chicken_fillet,Co.op,500.0,98000.0,,,,
1879,Ức gà file CN kg-KU,98000.0,kg,chicken_fillet,Co.op,1000.0,98000.0,,,,
1880,Ức gà không da Ba Huân 500g,45000.0,cái,chicken_fillet,Co.op,500.0,90000.0,,,,
1881,Ức gà có xương BH 500g,31000.0,cái,chicken_fillet,Co.op,500.0,62000.0,,,,
1882,File ức gà vĩ 500g – CP,50000.0,vỉ,chicken_fillet,Co.op,500.0,100000.0,,,,
1883,PREORDER – Thịt đùi heo 500g hút chân không – Vissan,82000.0,túi,pork_leg,Co.op,500.0,164000.0,,,,
1884,Nạc đùi heo CP 300g,40000.0,vĩ,pork_leg,Co.op,300.0,133333.33333333334,,,,
1885,Nạc đùi heo Vissan,177000.0,kg,pork_leg,Co.op,1000.0,177000.0,,,,
1886,Thịt đùi heo 300g – CP,52000.0,vỉ,pork_leg,Co.op,300.0,173333.33333333334,,,,
1887,Thịt đùi heo Vissan kg,174000.0,kg,pork_leg,Co.op,1000.0,174000.0,,,,
1888,Thịt đùi heo chuẩn ngon (S) kg,144900.0,kg,pork_leg,Co.op,1000.0,144900.0,,,,
1889,Trứng gà hồng 10 trứng – VFood,38000.0,hộp,egg,Co.op,,,10.0,3800.0,,
1890,Trứng gà tươi Tafa 600g – Hộp nhựa,34900.0,vỉ,egg,Co.op,,,10.0,3490.0,,
1891,Trứng gà vỉ 10 trứng x 60g – NTX,30000.0,vỉ,egg,Co.op,,,10.0,3000.0,,
1892,Trứng gà không phôi Vfarm hộp 6 trứng – F,18600.0,vỉ,egg,Co.op,,,6.0,3100.0,,
1893,Trứng gà ác V.food 10trứng/giỏ – F,40000.0,giỏ,egg,Co.op,,,10.0,4000.0,,
1894,Trứng gà ta Coop Select 10 trứng – VTD,42500.0,vỉ,egg,Co.op,,,10.0,4250.0,,
1895,Trứng gà Ba Huân XL vỉ 10 trứng,33500.0,vỉ,egg,Co.op,,,10.0,3350.0,,
1896,Trứng gà Omega3 & DHA 6 trứng/hộp – VTD,30800.0,hộp,egg,Co.op,,,6.0,5133.333333333333,,
1897,Trứng gà không phôi L1 10 trứng/hộp – Vfarm,31000.0,vỉ,egg,Co.op,,,10.0,3100.0,,
1898,Trứng gà VFood hộp 6 trứng,18600.0,hộp,egg,Co.op,,,6.0,3100.0,,
1899,Trứng gà gộc Ba Huân vĩ 10 trứng,44000.0,cái,egg,Co.op,,,10.0,4400.0,,
1900,Trứng gà Ba Huân DHA hộp 6 trứng,31600.0,hộp,egg,Co.op,,,6.0,5266.666666666667,,
1901,Trứng gà Ba Huân Omega 3 hộp 6 trứng,32000.0,hộp,egg,Co.op,,,6.0,5333.333333333333,,
1902,Trứng gà gộc Vfood vĩ 4 trứng,16500.0,vỉ,egg,Co.op,,,4.0,4125.0,,
1903,Trứng gà Ba Huân vĩ 6 trứng,18600.0,vỉ,egg,Co.op,,,6.0,3100.0,,
1904,Trứng gà ta Vfood giỏ 10 trứng,43000.0,giỏ,egg,Co.op,,,10.0,4300.0,,
1905,Trứng gà ác Ba Huân giỏ 10 trứng,45000.0,giỏ,egg,Co.op,,,10.0,4500.0,,
1906,Trứng gà Coop Select size L 10T (BH),31000.0,hộp,egg,Co.op,,,10.0,3100.0,,
1907,Trứng Gà Coop Select Loại 1 vĩ 10 Trứng,31000.0,hộp,egg,Co.op,,,10.0,3100.0,,
1908,Trứng Gà Coop Select Loại 1 vỉ 6 Trứng,18600.0,hộp,egg,Co.op,,,6.0,3100.0,,
1909,Tàu hũ trắng Tafu 300g,10400.0,gói,tofu,Co.op,300.0,34666.666666666664,,,,
1910,Tàu hũ trắng Ichi-Sakura 350g,12900.0,hộp,tofu,Co.op,350.0,36857.142857142855,,,,
1911,Đậu hũ Vina 300g,11000.0,hộp,tofu,Co.op,300.0,36666.666666666664,,,,
1912,Đậu Hũ Lụa Cao Cấp Vina Tofu 220g,6700.0,gói,tofu,Co.op,220.0,30454.545454545452,,,,
1913,Đậu Hũ Non Cao Cấp Vina ToFu 300g,10400.0,hộp,tofu,Co.op,300.0,34666.666666666664,,,,
1914,Đậu hũ non Coop Select 280g,9900.0,gói,tofu,Co.op,280.0,35357.142857142855,,,,
1915,Sữa chua trái cây Hoff chuối organic lốc 6 x 55g,110600.0,lốc,yogurt,Co.op,330.0,335151.51515151514,,,,
1916,Bánh baguette mini 125g-SS990 – F,7000.0,phần,bread,Co.op,125.0,56000.0,,,,
1917,Bánh baguette Pháp 300g-SS990 – F,19000.0,phần,bread,Co.op,300.0,63333.333333333336,,,,
1918,Bánh mì tươi 160g-SS990 – F,13000.0,phần,bread,Co.op,160.0,81250.0,,,,
1919,Bánh baguette dài 230g-SS990 – F,10000.0,phần,bread,Co.op,230.0,43478.260869565216,,,,
1920,Bánh Sandwich óc chó 250g – F,32000.0,bịch,bread,Co.op,250.0,128000.0,,,,
1921,Bánh sandwich 250g – F,24000.0,gói,bread,Co.op,250.0,96000.0,,,,
1922,Bánh mì sandwich 275g,20500.0,cái,bread,Co.op,275.0,74545.45454545454,,,,
1923,Bánh mì sandwich tươi lạt Otto 450g,27600.0,gói,bread,Co.op,450.0,61333.333333333336,,,,
1924,Bánh mì sandwich tươi lạt Otto 220g,15500.0,bịch,bread,Co.op,220.0,70454.54545454546,,,,
1925,Bánh mì Plain trắng 130g – SB990,20000.0,cái,bread,Co.op,130.0,153846.15384615384,,,,
1926,Bánh mì sandwich Staff 275g,19900.0,cái,bread,Co.op,275.0,72363.63636363635,,,,
1927,Bánh mì sandwich Staff 110g,8900.0,cái,bread,Co.op,110.0,80909.09090909091,,,,
1928,Bánh mì Paket Bảo Ngọc 108g,12000.0,cái,bread,Co.op,108.0,111111.11111111111,,,,
1929,Sữa tiệt trùng Dutch Lady không đường 220ml,6900.0,gói,milk,Co.op,,,,,220.0,31363.636363636364
1930,Sữa tiệt trùng Dutch Lady không đường 48 x 220ml,329000.0,thùng,milk,Co.op,,,,,10560.0,31155.303030303032
1931,Sữa dinh dưỡng Vinamilk không đường 6 gói x 220ml,46500.0,bộ,milk,Co.op,,,,,1320.0,35227.27272727273
1932,Sữa tươi tiệt trùng Dalat không đường 48 x 220ml,401600.0,thùng,milk,Co.op,,,,,10560.0,38030.30303030303
1933,Sữa tươi tiệt trùng Dutch Lady không đường 48 x 180ml,313000.0,thùng,milk,Co.op,,,,,8640.0,36226.851851851854
1934,Sữa tươi tiệt trùng Dutch Lady không đường 180ml,6600.0,bịch,milk,Co.op,,,,,180.0,36666.666666666664
1935,Sữa dinh dưỡng Vinamilk không đường 48 bịch x 220ml,370000.0,thùng,milk,Co.op,,,,,10560.0,35037.87878787879
1936,Sữa tươi tiệt trùng Vinamilk 100% sữa tươi không đường 6 x 220ml,52000.0,bộ,milk,Co.op,,,,,1320.0,39393.93939393939
1937,Sữa tươi tiệt trùng Vinamilk 100% sữa tươi không đường 48x220ml,413000.0,thùng,milk,Co.op,,,,,10560.0,39109.84848484849
1938,Sữa dinh dưỡng Vinamilk không đường gói 220ml,7800.0,bịch,milk,Co.op,,,,,220.0,35454.545454545456
1939,Sữa tươi tiệt trùng Vinamilk 100% sữa tươi không đường 220ml,8800.0,bịch,milk,Co.op,,,,,220.0,40000.0
1940,Sữa tươi tiệt trùng TH nguyên chất 48 bịch x 220ml,420800.0,thùng,milk,Co.op,,,,,10560.0,39848.48484848485
1941,Sữa dinh dưỡng tiệt trùng VPMILK OMEGA không đường gói 220ml,8200.0,gói,milk,Co.op,,,,,220.0,37272.72727272727
1942,Sữa tươi tiệt trùng Dalat Milk không đường 220ml,8400.0,bịch,milk,Co.op,,,,,220.0,38181.81818181818
1943,Sữa tươi tiệt trùng TH True Milk nguyên chất bịch 220ml,9000.0,gói,milk,Co.op,,,,,220.0,40909.090909090904
1944,Sữa tươi tiệt trùng NutiMilk tươi sạch nguyên chất hộp giấy 12 x 1L,433000.0,thùng,milk,Co.op,,,,,12000.0,36083.333333333336
1945,Sữa tươi tiệt trùng Australia’s Own nguyên kem 1L,46900.0,hộp,milk,Co.op,,,,,1000.0,46900.0
1946,Sữa tươi VPmilk Uht không đường thùng 48 x 180ml,419000.0,thùng,milk,Co.op,,,,,8640.0,48495.37037037037
1947,Sữa tươi nguyên chất tiệt trùng Green Farm Organic hộp giấy 1L,55800.0,hộp,milk,Co.op,,,,,1000.0,55800.0
1948,Sữa tươi tiệt trùng TH True Gold 4 x 180ml,71200.0,lốc,milk,Co.op,,,,,720.0,98888.88888888889
1949,Sữa tươi thanh trùng Green Farm không đường 900ml,49500.0,hộp,milk,Co.op,,,,,900.0,55000.0
1950,Sữa tươi tiệt trùng Cowhead nguyên kem hộp giấy 1L – CX – F,47900.0,hộp,milk,Co.op,,,,,1000.0,47900.0
1951,Sữa tiệt trùng Devondale pure milk 6 x 200ml,105000.0,lốc,milk,Co.op,,,,,1200.0,87500.0
1952,Sữa tươi tiệt trùng TH nguyên chất 48 x 110ml,298800.0,thùng,milk,Co.op,,,,,5280.0,56590.909090909096
1953,Sữa tươi tiệt trùng NutiMilk tươi sạch nguyên chất hộp 1L,36500.0,hộp,milk,Co.op,,,,,1000.0,36500.0
1954,Sữa tươi Meadow Fresh canxi hộp giấy 1L,61900.0,hộp,milk,Co.op,,,,,1000.0,61900.0
1955,Sữa tươi tiệt trùng ít béo Meadow Fresh hộp 1L,51300.0,hộp,milk,Co.op,,,,,1000.0,51300.0
1956,Sữa tươi tiệt trùng Nuitmilk tươi sạch nguyên chất 4x180ml,34000.0,lốc,milk,Co.op,,,,,720.0,47222.22222222222
1957,Sữa tươi tiệt trùng Vinamilk 100% ít béo không đường lốc 4x180ml,33700.0,lốc,milk,Co.op,,,,,720.0,46805.555555555555
1958,Sữa tươi tiệt trùng Reta milk 1L,48600.0,hộp,milk,Co.op,,,,,1000.0,48600.0
1959,Sữa tươi tiệt trùng President nguyên kem 3.5% béo 1L,53000.0,hộp,milk,Co.op,,,,,1000.0,53000.0
1960,Sữa tươi tiệt trùng Mlekovita nguyên kem 3.5% béo 1L,42800.0,hộp,milk,Co.op,,,,,1000.0,42800.0
1961,Sữa tươi nguyên chất tiệt trùng Green Farm 12x1L,500400.0,thùng,milk,Co.op,,,,,12000.0,41700.0
1962,Sữa tươi nguyên chất tiệt trùng Green Farm 1L,41700.0,hộp,milk,Co.op,,,,,1000.0,41700.0
1963,Sữa tươi tiệt trùng Vinamilk 100% sữa tươi không đường lốc 4x180ml,33700.0,lốc,milk,Co.op,,,,,720.0,46805.555555555555
1964,Sữa tươi tiệt trùng Vitadairy sữa non 24x180ml,315000.0,thùng,milk,Co.op,,,,,4320.0,72916.66666666667
1965,Sữa tươi tiệt trùng Vitadairy sữa non 3x180ml,39800.0,lốc,milk,Co.op,,,,,540.0,73703.70370370371
1966,Sữa tươi tiệt trùng Vinamilk Green Farm không đường thùng 48x180ml,464000.0,thùng,milk,Co.op,,,,,8640.0,53703.7037037037
1967,Sữa tươi tiệt trùng Emborg nguyên kem hộp 1L,45500.0,hộp,milk,Co.op,,,,,1000.0,45500.0
1968,Sữa tươi tiệt trùng nguyên kem Harvey Fresh 1L – F,55500.0,hộp,milk,Co.op,,,,,1000.0,55500.0
1969,Sữa tươi tiệt trùng Vinamilk 100% không đường thùng 48x180ml,403000.0,thùng,milk,Co.op,,,,,8640.0,46643.51851851852
1970,Sữa tươi tiệt trùng Vinamilk 100% không đường hộp giấy 1L,37500.0,hộp,milk,Co.op,,,,,1000.0,37500.0
1971,Sữa tươi tiệt trùng Vinamilk Green Farm không đường 4x180ml,39000.0,lốc,milk,Co.op,,,,,720.0,54166.666666666664
1972,Sữa tươi tiệt trùng Vinamilk 100% không đường thùng 12x1L,449000.0,thùng,milk,Co.op,,,,,12000.0,37416.666666666664
1973,Sữa tươi tiệt trùng TH ngũ cốc 48x180ml,583200.0,thùng,milk,Co.op,,,,,8640.0,67500.0
1974,Sữa tươi tiệt trùng TH ngũ cốc 4x180ml,48600.0,lốc,milk,Co.op,,,,,720.0,67500.0
1975,Sữa tươi tiệt trùng Promess Vitamin hộp giấy 1L,49800.0,hộp,milk,Co.op,,,,,1000.0,49800.0
1976,Sữa tươi tiệt trùng Vinamilk 100% ít béo không đường thùng 48x180ml,403000.0,thùng,milk,Co.op,,,,,8640.0,46643.51851851852
1977,Sữa tươi tiệt trùng Anchor nguyên chất hộp giấy 1L,60500.0,hộp,milk,Co.op,,,,,1000.0,60500.0
1978,Sữa tươi tiệt trùng nguyên chất TH True Milk 4 x 110 ml,24900.0,lốc,milk,Co.op,,,,,440.0,56590.909090909096
1979,Sữa tươi Devondale nguyên chất hộp 1L,67900.0,hộp,milk,Co.op,,,,,1000.0,67900.0
1980,Sữa tươi tiệt trùng TH không đường 48x180ml,446400.0,thùng,milk,Co.op,,,,,8640.0,51666.666666666664
1981,Sữa tiệt trùng Dutch Lady không đường 48x180ml,395000.0,thùng,milk,Co.op,,,,,8640.0,45717.5925925926
1982,Sữa tươi tiệt trùng Dutch Lady không đường 12x965ml,418200.0,thùng,milk,Co.op,,,,,11580.0,36113.9896373057
1983,Sữa tươi tiệt trùng Dalat không đường 48x180ml,422400.0,thùng,milk,Co.op,,,,,8640.0,48888.88888888888
1984,Sữa tươi tiệt trùng Dalat không đường 4x180ml,35200.0,lốc,milk,Co.op,,,,,720.0,48888.88888888888
1985,Sữa tươi VPmilk Uht không đường lốc 4 x 180ml,35600.0,lốc,milk,Co.op,,,,,720.0,49444.444444444445
1986,Sữa tươi tiệt trùng TH True Milk nguyên chất hộp 1L,39200.0,hộp,milk,Co.op,,,,,1000.0,39200.0
1987,Sữa tiệt trùng Dutch Lady không đường hộp giấy 965ml,34900.0,hộp,milk,Co.op,,,,,965.0,36165.80310880829
1988,Sữa tươi Meadow Fresh ít béo hộp giấy 200ml,47500.0,lốc,milk,Co.op,,,,,600.0,79166.66666666667
1989,Sữa tươi Meadow Fresh canxi 3 x 200ml,54500.0,lốc,milk,Co.op,,,,,600.0,90833.33333333333
1990,Sữa tươi Meadow Fresh nguyên kem hộp giấy 3 x 200ml,47500.0,lốc,milk,Co.op,,,,,600.0,79166.66666666667
1991,Sữa dinh dưỡng Vinamilk Flex không đường 1L,36500.0,hộp,milk,Co.op,,,,,1000.0,36500.0
1992,Sữa tiệt trùng Dutch Lady không đường lốc 4 x 180ml,33000.0,lốc,milk,Co.op,,,,,720.0,45833.333333333336
1993,Sữa tươi Meadow Fresh nguyên kem hộp giấy 1L,52400.0,hộp,milk,Co.op,,,,,1000.0,52400.0
1994,Sữa tươi tiệt trùng Promess không béo hộp 1L,48800.0,hộp,milk,Co.op,,,,,1000.0,48800.0
1995,Sữa tươi tiệt trùng nguyên kem Promess hộp 1L,48800.0,hộp,milk,Co.op,,,,,1000.0,48800.0
1996,Sữa tươi tiệt trùng ít béo Promess hộp 1L,48800.0,hộp,milk,Co.op,,,,,1000.0,48800.0
1997,Sữa tươi tiệt trùng Promess ít béo 3x200ml,40300.0,lốc,milk,Co.op,,,,,600.0,67166.66666666667
1998,Sữa tươi thanh trùng Dalat milk nguyên chất 950ml,47600.0,hộp,milk,Co.op,,,,,950.0,50105.26315789474
1999,Sữa tươi tiệt trùng TH true MILK không đường lốc 4 hộp x 180ml,37200.0,lốc,milk,Co.op,,,,,720.0,51666.666666666664
2000,Sữa chua ăn TH Topkid vani 48 x 60g,294000.0,thùng,yogurt,Co.op,2880.0,102083.33333333333,,,,
2001,Sữa chua hoa quả Hoff táo 4 x 55g,45700.0,lốc,yogurt,Co.op,220.0,207727.2727272727,,,,
2002,Sữa chua hoa quả Hoff nguyên bản 4 x 55g,45700.0,lốc,yogurt,Co.op,220.0,207727.2727272727,,,,
2003,Sữa chua ăn Vinamilk có đường lốc 4 hủ x 100g,26000.0,lốc,yogurt,Co.op,400.0,65000.0,,,,
2004,Sữa chua ăn Vinamilk ít đường lốc 4 x 100g,26000.0,lốc,yogurt,Co.op,400.0,65000.0,,,,
2005,Sữa chua TH Yogurt ít đường 48x100g,350400.0,thùng,yogurt,Co.op,4800.0,73000.0,,,,
2006,Sữa chua tươi nha đam Dalat Milk 100g – CX – F,11500.0,hộp,yogurt,Co.op,100.0,115000.0,,,,
2007,Sữa chua dâu tây Dalat Milk 100g – CX – F,11500.0,hộp,yogurt,Co.op,100.0,115000.0,,,,
2008,Sữa chua tươi vị đào Dalat Milk 100g – CX – F,11500.0,hộp,yogurt,Co.op,100.0,115000.0,,,,
2009,Sữa chua ăn Vinamilk lựu đỏ ít đường 24x100g,199000.0,thùng,yogurt,Co.op,2400.0,82916.66666666667,,,,
2010,Sữa chua ăn Vinamilk lựu đỏ ít đường 4x100g,33800.0,lốc,yogurt,Co.op,400.0,84500.0,,,,
2011,Sữa chua ăn Vinamilk nha đam ít đường collagen 24x100g,199000.0,thùng,yogurt,Co.op,2400.0,82916.66666666667,,,,
2012,Sữa chua ăn Vinamilk nha đam ít đường collagen 4x100g,33800.0,lốc,yogurt,Co.op,400.0,84500.0,,,,
2013,Sữa chua Vinamilk nếp cẩm thùng 24x100g,198000.0,thùng,yogurt,Co.op,2400.0,82500.0,,,,
2014,Sữa chua Vinamilk Green Farm ít đường 24x100g,164000.0,thùng,yogurt,Co.op,2400.0,68333.33333333333,,,,
2015,Sữa chua Vinamilk Green Farm có đường 24x100g,164000.0,thùng,yogurt,Co.op,2400.0,68333.33333333333,,,,
2016,Sữa chua hoa quả Hoff chuối 4 x 55g,45700.0,lốc,yogurt,Co.op,220.0,207727.2727272727,,,,
2017,Sữa chua hoa quả Hoff dâu 4 x 55g,45700.0,lốc,yogurt,Co.op,220.0,207727.2727272727,,,,
2018,Sữa chua ăn TH Topkid chuối lúa mạch 4 x 60g,24500.0,lốc,yogurt,Co.op,240.0,102083.33333333333,,,,
2019,Sữa chua ăn TH Topkid vani 4 x 60g,24500.0,lốc,yogurt,Co.op,240.0,102083.33333333333,,,,
2020,Sữa chua TH Yogurt ít đường 4x100g,29200.0,lốc,yogurt,Co.op,400.0,73000.0,,,,
2021,Sữa chua Vinamilk trái cây thùng 48x100g,375000.0,thùng,yogurt,Co.op,4800.0,78125.0,,,,
2022,Sữa chua Vinamilk dâu thùng 48x100g,375000.0,thùng,yogurt,Co.op,4800.0,78125.0,,,,
2023,Sữa chua Vinamilk có đường thùng 48x100g,310000.0,thùng,yogurt,Co.op,4800.0,64583.33333333333,,,,
2024,Sữa chua Vinamilk Green Farm có đường 4x100g,28000.0,lốc,yogurt,Co.op,400.0,70000.0,,,,
2025,Sữa chua Vinamilk Love Yogurt nếp cẩm thùng 48x100g,385000.0,thùng,yogurt,Co.op,4800.0,80208.33333333333,,,,
2026,Sữa chua Nutimilk có đường 48x100g,296000.0,thùng,yogurt,Co.op,4800.0,61666.666666666664,,,,
2027,Sữa chua Nutimilk nha đam 48x100g,355000.0,thùng,yogurt,Co.op,4800.0,73958.33333333333,,,,
2028,Sữa chua Đà Lạt Milk tự nhiên 500g,47400.0,hộp,yogurt,Co.op,500.0,94800.0,,,,
2029,Sữa chua Đà Lạt Milk có đường 500g,47400.0,hộp,yogurt,Co.op,500.0,94800.0,,,,
2030,Sữa chua ăn TH True nha Đam 48x100g,396000.0,thùng,yogurt,Co.op,4800.0,82500.0,,,,
2031,Sữa chua ăn TH Sầu Riêng 4x100g,33000.0,lốc,yogurt,Co.op,400.0,82500.0,,,,
2032,Sữa chua ăn TH Sầu Riêng 48x100g,396000.0,thùng,yogurt,Co.op,4800.0,82500.0,,,,
2033,Sữa chua Vinamilk Green Farm ít đường lốc 4x100g,28000.0,lốc,yogurt,Co.op,400.0,70000.0,,,,
2034,Sữa chua phô mai Sài Gòn Milk 100g,12500.0,hộp,yogurt,Co.op,100.0,125000.0,,,,
2035,Sữa chua ăn TH Truemilk có đường 4 x 100g,29200.0,lốc,yogurt,Co.op,400.0,73000.0,,,,
2036,Sữa chua Vinamilk trân châu đường đen lốc 4 hủ x 100g,36500.0,lốc,yogurt,Co.op,400.0,91250.0,,,,
2037,Sữa chua ăn TH true milk trái cây lốc 4 hủ x100g,33000.0,lốc,yogurt,Co.op,400.0,82500.0,,,,
2038,Sữa chua ăn TH true milk việt quất lốc 4x100g,33000.0,lốc,yogurt,Co.op,400.0,82500.0,,,,
2039,Sữa chua ăn TH True milk vị tự nhiên lốc 4 hủ x100g,29200.0,lốc,yogurt,Co.op,400.0,73000.0,,,,
2040,Sữa chua ăn TH True nha đam 4x100g,33000.0,lốc,yogurt,Co.op,400.0,82500.0,,,,
2041,Sữa chua ăn Nutimilk nha đam lốc 4 x 100g,29800.0,lốc,yogurt,Co.op,400.0,74500.0,,,,
2042,Sữa chua Nutimilk có đường lốc 4 x 100g,24800.0,lốc,yogurt,Co.op,400.0,62000.0,,,,
2043,Sữa chua Susu IQ táo chuối lốc 4x80g,29000.0,lốc,yogurt,Co.op,320.0,90625.0,,,,
2044,Sữa chua ăn Vinamilk Susu IQ dâu chuối lốc 4x80g,29000.0,lốc,yogurt,Co.op,320.0,90625.0,,,,
2045,Sữa chua ăn Vinamilk Susu IQ có đường lốc 4x80g,29000.0,lốc,yogurt,Co.op,320.0,90625.0,,,,
2046,Sữa chua ăn Vinamilk nếp cẩm lốc 4x100g,33500.0,lốc,yogurt,Co.op,400.0,83750.0,,,,
2047,Sữa đặc Ông Thọ đỏ cao cấp hộp giấy 1kg,62700.0,hộp,condensed_milk,Co.op,1000.0,62700.0,,,,
2048,Sữa đặc Ông Thọ hộp giấy đỏ 24 x 380g,607000.0,thùng,condensed_milk,Co.op,9120.0,66557.01754385965,,,,
2049,Sữa đặc Ông Thọ chữ xanh hộp giấy thùng 24x380g,636000.0,thùng,condensed_milk,Co.op,9120.0,69736.84210526316,,,,
2050,Sữa đặc Ông Thọ chữ xanh thùng 48x380g,1273000.0,thùng,condensed_milk,Co.op,18240.0,69791.66666666667,,,,
2051,Sữa đặc ông thọ Vinamilk có đường 6 hộp x 40g,27900.0,hộp,condensed_milk,Co.op,240.0,116250.0,,,,
2052,Sữa đặc Ông Thọ đỏ hộp 380g,25500.0,hộp,condensed_milk,Co.op,380.0,67105.26315789473,,,,
2053,Sữa đặc có đường Hoàn Hảo lon 380g,20200.0,lon,condensed_milk,Co.op,380.0,53157.8947368421,,,,
2054,Sữa đặc có đường Ông Thọ đỏ tuýp 165g,19600.0,cái,condensed_milk,Co.op,165.0,118787.87878787878,,,,
2055,Sữa đặc Ông Thọ chữ xanh hộp thiếc 380g,26700.0,lon,condensed_milk,Co.op,380.0,70263.15789473684,,,,
2056,Sữa đặc Vinamilk Tài Lộc có đường hộp thiếc 380g,16600.0,lon,condensed_milk,Co.op,380.0,43684.21052631579,,,,
2057,Sữa đặc Ông Thọ chữ xanh hộp giấy 380g,26700.0,hộp,condensed_milk,Co.op,380.0,70263.15789473684,,,,
2058,"Sữa đặc Ngôi sao Phương Nam xanh biển hộp 1,284kg",57000.0,hộp,condensed_milk,Co.op,1284.0,44392.52336448598,,,,
2059,Sữa đặc có đường Dairy Champ lon 500g,28000.0,lon,condensed_milk,Co.op,500.0,56000.0,,,,
2060,Sữa đặc có đường Ông Thọ đỏ hộp giấy 1284g,79800.0,hộp,condensed_milk,Co.op,1284.0,62149.53271028038,,,,
2061,Sữa đặc Ông Thọ trắng nhãn vàng lon 380g có nắp khui,32500.0,lon,condensed_milk,Co.op,380.0,85526.31578947368,,,,
2062,Sữa đặc có đường Ông Thọ nhãn đỏ 380g,25500.0,lon,condensed_milk,Co.op,380.0,67105.26315789473,,,,
2063,Sữa đặc Dutch Lady xanh biển lon 380g,26300.0,lon,condensed_milk,Co.op,380.0,69210.52631578948,,,,
2064,Trà hoa sen Phúc Long 150g,76500.0,hộp,green_tea,Co.op,150.0,510000.0,,,,
2065,Trà túi lọc Thái Nguyên hương sen Việt Anh 25 túi x 2g,25600.0,hộp,green_tea,Co.op,50.0,512000.0,,,,
2066,Cafe rang xay King Inspire Blend 3 gói 500g,196000.0,gói,ground_coffee,Co.op,500.0,392000.0,,,,
2067,Cà phê Phố rang xay gói 450g,110500.0,gói,ground_coffee,Co.op,450.0,245555.55555555553,,,,
2068,Cà phê rang xay Expert Blend King 2 gói 500g,120000.0,gói,ground_coffee,Co.op,500.0,240000.0,,,,
2069,Cà phê rang xay K-Morning gói 227g,74500.0,gói,ground_coffee,Co.op,227.0,328193.83259911893,,,,
2070,Cà phê Arabica Mê Trang gói 500g,80000.0,gói,ground_coffee,Co.op,500.0,160000.0,,,,
2071,Cà phê sáng tạo 8 Trung Nguyên 500g,606000.0,hộp,ground_coffee,Co.op,500.0,1212000.0,,,,
2072,Cà phê xay HIGHLANDS moka gói 200g,116500.0,bịch,ground_coffee,Co.op,200.0,582500.0,,,,
2073,Cà phê OB Mê Trang 500g,93000.0,gói,ground_coffee,Co.op,500.0,186000.0,,,,
2074,Cà phê chế phin số 5 Trung Nguyên 500g,279400.0,gói,ground_coffee,Co.op,500.0,558800.0,,,,
2075,Cà phê rang xay King Coffee Golden hộp 450g,392000.0,hộp,ground_coffee,Co.op,450.0,871111.1111111111,,,,
2076,Cà phê Highlands truyền thống gói 200g,83000.0,gói,ground_coffee,Co.op,200.0,415000.0,,,,
2077,Cà phê I Trung Nguyên khát vọng gói 500g,101000.0,gói,ground_coffee,Co.op,500.0,202000.0,,,,
2078,Cà phê rang xay K-BLACK gói 454g,214000.0,gói,ground_coffee,Co.op,454.0,471365.63876651984,,,,
2079,Cà phê Highlands culi 200g,107000.0,gói,ground_coffee,Co.op,200.0,535000.0,,,,
2080,Cà phê rang xay In.Blend King gói 500g,141500.0,gói,ground_coffee,Co.op,500.0,283000.0,,,,
2081,Cà Phê Trung Nguyên Sáng Tạo 1 Gói 340g,89700.0,gói,ground_coffee,Co.op,340.0,263823.5294117647,,,,
2082,Cà Phê Trung Nguyên Gourmet Blend Hộp 500g,166300.0,hộp,ground_coffee,Co.op,500.0,332600.0,,,,
2083,Cà Phê Trung Nguyên Nâu gói 500g,128800.0,gói,ground_coffee,Co.op,500.0,257600.00000000003,,,,
2084,Cà Phê Sạch Mê Trang MC Số 1 Gói 500g,113500.0,gói,ground_coffee,Co.op,500.0,227000.0,,,,
2085,Cà Phê Phin số 1 Trung Nguyên gói 500g,148400.0,gói,ground_coffee,Co.op,500.0,296800.0,,,,
2086,Cà Phê Trung Nguyên Sáng Tạo 2 Arabica Rob gói 340g,103800.0,gói,ground_coffee,Co.op,340.0,305294.11764705885,,,,
2087,Cà Phê Trung Nguyên Sáng Tạo 3 Gói 340g,124900.0,gói,ground_coffee,Co.op,340.0,367352.9411764706,,,,
2088,Cà phê xay Trung Nguyên chữ S gói 500g,84300.0,gói,ground_coffee,Co.op,500.0,168600.0,,,,
2089,Cà Phê Trung Nguyên Sáng Tạo 4 Gói 340g,142800.0,gói,ground_coffee,Co.op,340.0,420000.0,,,,
2090,Cà Phê Trung Nguyên Sáng Tạo 5 Gói 340g,175000.0,gói,ground_coffee,Co.op,340.0,514705.8823529412,,,,
2091,Nước tinh khiết Satori thùng 12×1.5L,119800.0,thùng,water,Co.op,,,,,18000.0,6655.555555555556
2092,Nước khoáng Lavie dịu nhẹ 24 x 500ml,106500.0,thùng,water,Co.op,,,,,12000.0,8875.0
2093,Nước tinh khiết Aquafina chai 500ml thùng 24,118000.0,thùng,water,Co.op,,,,,12000.0,9833.333333333334
2094,Nước tinh khiết Aquafina chai 355ml thùng 24,111000.0,thùng,water,Co.op,,,,,8520.0,13028.169014084508
2095,Nước khoáng Lavie dịu nhẹ 500ml,4800.0,chai,water,Co.op,,,,,500.0,9600.0
2096,Nước khoáng Vĩnh Hảo chai 24 x 350ml,80000.0,thùng,water,Co.op,,,,,8400.0,9523.809523809523
2097,Thùng nước khoáng Evian 24 x 500ml,744500.0,thùng,water,Co.op,,,,,12000.0,62041.666666666664
2098,Nước khoáng Vivant 24 x 500ml,111000.0,thùng,water,Co.op,,,,,12000.0,9250.0
2099,Nước tinh khiết Satori 24 x 500ml,118000.0,thùng,water,Co.op,,,,,12000.0,9833.333333333334
2100,Nước tinh khiết Aquafina chai 355ml,4700.0,chai,water,Co.op,,,,,355.0,13239.43661971831
2101,Nước tinh khiết Aquafina chai 5L thùng 4,109600.0,thùng,water,Co.op,,,,,20000.0,5480.0
2102,Nước uống đóng chai TH True Water 1.5L,10700.0,chai,water,Co.op,,,,,1500.0,7133.333333333334
2103,Nước khoáng tự nhiên Evian Pháp 1.5L,70500.0,chai,water,Co.op,,,,,1500.0,47000.0
2104,Nước tinh khiết Miaqua 24x500ml,157000.0,thùng,water,Co.op,,,,,12000.0,13083.333333333334
2105,Nước tinh khiết Miaqua 500ml,7100.0,chai,water,Co.op,,,,,500.0,14200.0
2106,Nước khoáng thiên nhiên Evi 330ml,53600.0,chai,water,Co.op,,,,,330.0,162424.24242424243
2107,Nước khoáng tự nhiên Evian Pháp 500ml,32800.0,chai,water,Co.op,,,,,500.0,65600.0
2108,Nước tinh khiết Sapuwa 5L,22500.0,chai,water,Co.op,,,,,5000.0,4500.0
2109,Nước khoáng thiên nhiên Lavie 5L x 4,96000.0,thùng,water,Co.op,,,,,20000.0,4800.0
2110,Nước khoáng thiên nhiên Lavie bình 5L,25200.0,chai,water,Co.op,,,,,5000.0,5040.0
2111,Nước khoáng thiên nhiên Lavie thùng 24 x 500ml,110500.0,thùng,water,Co.op,,,,,12000.0,9208.333333333334
2112,Nước khoáng thiên nhiên Lavie thùng 24 x 350ml,102900.0,thùng,water,Co.op,,,,,8400.0,12250.0
2113,Nước khoáng thiên nhiên Lavie chai 350ml,4600.0,chai,water,Co.op,,,,,350.0,13142.857142857143
2114,Nước khoáng Dasani 24x510ml,110000.0,thùng,water,Co.op,,,,,12240.0,8986.928104575163
2115,Nước khoáng Dasani 510ml,5000.0,chai,water,Co.op,,,,,510.0,9803.921568627451
2116,Nước tinh khiết Satori 1.5L,10600.0,chai,water,Co.op,,,,,1500.0,7066.666666666666
2117,Nước tinh khiết Aquafina chai 1.5L thùng 12,124600.0,thùng,water,Co.op,,,,,18000.0,6922.222222222223
2118,Nước tinh khiết Aquafina chai 1.5L,11000.0,chai,water,Co.op,,,,,1500.0,7333.333333333333
2119,Nước tinh khiết Dasani pet 24 x 510ml,105200.0,thùng,water,Co.op,,,,,12240.0,8594.771241830065
2120,Nước tinh khiết Dasani pet 510ml,4800.0,chai,water,Co.op,,,,,510.0,9411.764705882353
2121,Nước khoáng thiên nhiên Lavie 12 x700ml,108500.0,thùng,water,Co.op,,,,,8400.0,12916.666666666666
2122,Nước khoáng thiên nhiên Lavie 700ml,9500.0,chai,water,Co.op,,,,,700.0,13571.42857142857
2123,Nước khoáng Vikoda 24 x500ml,140800.0,thùng,water,Co.op,,,,,12000.0,11733.333333333332
2124,Nước khoáng Vikoda pet 500ml,6100.0,chai,water,Co.op,,,,,500.0,12200.0
2125,Nước khoáng thiên nhiên Lavie 500ml,4900.0,chai,water,Co.op,,,,,500.0,9800.0
2126,Nước khoáng thiên nhiên Lavie 12 x 500ml,56000.0,lốc,water,Co.op,,,,,6000.0,9333.333333333334
2127,Nước tinh khiết Aquafina chai 500ml,5000.0,chai,water,Co.op,,,,,500.0,10000.0
2128,Nước Tinh Khiết Aquafina 5L,27800.0,chai,water,Co.op,,,,,5000.0,5560.0
2129,Nước khoáng thiên nhiên Miocen 12 x 1L,115000.0,thùng,water,Co.op,,,,,12000.0,9583.333333333334
2130,Nước khoáng thiên nhiên Miocen 1L,10500.0,chai,water,Co.op,,,,,1000.0,10500.0
2131,Nước khoáng thiên nhiên Lavie 1.5L,9600.0,chai,water,Co.op,,,,,1500.0,6400.0
2132,Nước khoáng thiên nhiên Lavie thùng 12 chai x 1.5L,109000.0,thùng,water,Co.op,,,,,18000.0,6055.555555555556
2133,Nước uống đóng chai Coop Select chai 330ml,3200.0,chai,water,Co.op,,,,,330.0,9696.969696969698
2134,Nước uống đóng chai Coop Select thùng 24x330ml,73500.0,thùng,water,Co.op,,,,,7920.0,9280.303030303032
2135,Nước uống đóng chai Coop Select 500ml,4000.0,chai,water,Co.op,,,,,500.0,8000.0
2136,Nước uống đóng chai Coop Select thùng 24 x 500ml,90500.0,thùng,water,Co.op,,,,,12000.0,7541.666666666667
2137,Nước tinh khiết Sapuwa chai 330ml,3600.0,chai,water,Co.op,,,,,330.0,10909.090909090908
2138,Nước tinh khiết Sapuwa chai 500ml,4200.0,chai,water,Co.op,,,,,500.0,8400.0
2139,Nước tinh khiết Dasani lốc 6 chai x 1.5L,53300.0,lốc,water,Co.op,,,,,9000.0,5922.222222222223
2140,Nước tinh khiết Dasani chai 1.5L,9400.0,chai,water,Co.op,,,,,1500.0,6266.666666666667
2141,Nước khoáng Vĩnh Hảo có ga thùng 24 chai x 500ml,152000.0,thùng,water,Co.op,,,,,12000.0,12666.666666666666
2142,Nước khoáng Lavie Premium chai 400ml,9300.0,chai,water,Co.op,,,,,400.0,23250.0
2143,Nước khoáng Lavie Sport thùng 12 chaix750ml,102000.0,thùng,water,Co.op,,,,,9000.0,11333.333333333334
2144,Nước khoáng Lavie Sport chai 750ml,9200.0,chai,water,Co.op,,,,,750.0,12266.666666666668
2145,Nước khoáng Vĩnh Hảo chai 500ml,4000.0,chai,water,Co.op,,,,,500.0,8000.0
2146,Nước khoáng Vĩnh Hảo 1.5L,8200.0,chai,water,Co.op,,,,,1500.0,5466.666666666667
2147,Nước khoáng Vivant chai 500ml,4900.0,chai,water,Co.op,,,,,500.0,9800.0
2148,Nước tinh khiết Satori chai 500ml,5300.0,chai,water,Co.op,,,,,500.0,10600.0
2149,Nước khoáng Vĩnh Hảo chai 350ml,3500.0,chai,water,Co.op,,,,,350.0,10000.0
2150,Nước khoáng Vĩnh Hảo có ga chai 500ml,6600.0,chai,water,Co.op,,,,,500.0,13200.0
2151,Nước uống đóng chai TH True Water 24x500ml,113500.0,thùng,water,Co.op,,,,,12000.0,9458.333333333334
2152,Nước uống đóng chai TH True Water 500ml,5100.0,chai,water,Co.op,,,,,500.0,10200.0
2153,Trà xanh hương sâm dứa Coop Select 200g,28900.0,túi,green_tea,Co.op,200.0,144500.0,,,,
2154,Trà xanh hương lài Coop Select 200g,28900.0,túi,green_tea,Co.op,200.0,144500.0,,,,
2155,Trà Thái Nguyên Ngọc Ninh 120g,73000.0,hộp,green_tea,Co.op,120.0,608333.3333333334,,,,
2156,Trà Ô olong Hạnh Dung hộp 20 x 10g,185500.0,hộp,green_tea,Co.op,200.0,927500.0,,,,
2157,Trà Ô long hộp bát giác Đại Gia 100g,103200.0,hộp,green_tea,Co.op,100.0,1032000.0,,,,
2158,Trà xanh Thái Nguyên thượng hạng hộp 300g,247000.0,hộp,green_tea,Co.op,300.0,823333.3333333334,,,,
2159,Trà Ô Long thượng hạng hộp bác giác 150g,152000.0,hộp,green_tea,Co.op,150.0,1013333.3333333334,,,,
2160,Trà lài lon đỏ 35N SGC 80g,58000.0,hộp,green_tea,Co.op,80.0,725000.0,,,,
2161,Trà túi lọc Cozy green tea 25 x 2g – CX,34800.0,hộp,green_tea,Co.op,50.0,696000.0,,,,
2162,Trà xanh lon giấy cao cấp Phúc Long 100g,54500.0,lon,green_tea,Co.op,100.0,545000.0,,,,
2163,Trà lài lon cao cấp Phúc Long 100g,69500.0,lon,green_tea,Co.op,100.0,695000.0,,,,
2164,Trà xanh cao cấp Ngọc Ninh 200g,59500.0,gói,green_tea,Co.op,200.0,297500.0,,,,
2165,Trà ô long Trâm Anh 100g,85000.0,bịch,green_tea,Co.op,100.0,850000.0,,,,
2166,Trà Twinings English Breakfast 100g,182000.0,hộp,black_tea,Co.op,100.0,1820000.0,,,,
2167,Trà túi lọc Cozy bạc hà hộp giấy 25 gói x 2g – CX,40300.0,hộp,black_tea,Co.op,50.0,806000.0,,,,
2168,Trà xanh Sâm Ngọc Linh hộp giấy 20 x 2g,283000.0,hộp,green_tea,Co.op,40.0,7075000.0,,,,
2169,Trà xanh Thái Nguyên thượng hạng Đại Gia 100g,55000.0,gói,green_tea,Co.op,100.0,550000.0,,,,
2170,Trà Olong Coop Select gói 200g,79900.0,gói,green_tea,Co.op,200.0,399500.0,,,,
2171,Trà Ô long Coop Select gói 100g,44900.0,gói,green_tea,Co.op,100.0,449000.0,,,,
2172,Trà Ô long Coop Select lon 150g,78500.0,hộp,green_tea,Co.op,150.0,523333.3333333334,,,,
2173,Trà xanh Thái Nguyên cao cấp Đại Gia 200g,79200.0,gói,green_tea,Co.op,200.0,396000.0,,,,
2174,Trà Tân Cương móc câu Đại Gia 100g,75200.0,gói,green_tea,Co.op,100.0,752000.0,,,,
2175,Trà xanh Thái Nguyên đặc sản Đại Gia 500g,155500.0,gói,green_tea,Co.op,500.0,311000.0,,,,
2176,Trà xanh Thái Nguyên đặc sản Đại Gia 100g,31500.0,gói,green_tea,Co.op,100.0,315000.0,,,,
2177,Trà lài Tâm Châu gói 100g,13100.0,gói,green_tea,Co.op,100.0,131000.0,,,,
2178,Trà Olong túi lọc Phúc Long 25 gói x 2g,36800.0,hộp,green_tea,Co.op,50.0,736000.0,,,,
2179,Trà túi lọc Twinings Lady Grey 25x2g – CX – F,159000.0,hộp,black_tea,Co.op,50.0,3180000.0,,,,
2180,Trà túi lọc Twinings English Breakfast 50g – F,145000.0,hộp,black_tea,Co.op,50.0,2900000.0,,,,
2181,Trà Ô Long Tâm Châu bao nhôm gói 250g,194000.0,gói,green_tea,Co.op,250.0,776000.0,,,,
2182,Trà xanh hoa sen Phúc Long hộp 25x2g,35200.0,hộp,green_tea,Co.op,50.0,704000.0,,,,
2183,Trà xanh móc câu Tâm Châu lon giấy 100g,73000.0,hộp,green_tea,Co.op,100.0,730000.0,,,,
2184,Trà Olong Tâm Châu lon giấy xanh 100g,118000.0,hộp,green_tea,Co.op,100.0,1180000.0,,,,
2185,Trà Olong Đại Gia hộp 100g,74500.0,hộp,green_tea,Co.op,100.0,745000.0,,,,
2186,Trà Tân Cương móc câu Đại gia hộp 100g,135000.0,hộp,green_tea,Co.op,100.0,1350000.0,,,,
2187,Trà xanh thái nguyên gói 200g,40600.0,gói,green_tea,Co.op,200.0,203000.0,,,,
2188,Trà đen túi lọc Coop Select hộp giấy 25x2g,31500.0,hộp,black_tea,Co.op,50.0,630000.0,,,,
2189,Trà Shan tuyết hoa lài Coop Finest hộp giấy 100g,88000.0,hộp,green_tea,Co.op,100.0,880000.0,,,,
2190,Trà O long Cầu Tre hộp giấy 25 túi x2g,32000.0,hộp,green_tea,Co.op,50.0,640000.0,,,,
2191,Trà Thái Nguyên Ngọc Ninh gói 100g,31000.0,gói,green_tea,Co.op,100.0,310000.0,,,,
2192,Trà Thái Nguyên Ngọc Ninh gói 200g,59500.0,gói,green_tea,Co.op,200.0,297500.0,,,,
2193,Trà Lipton vàng hộp 50 gói x 2g,70000.0,hộp,black_tea,Co.op,100.0,700000.0,,,,
2194,Trà Lipton nhãn vàng hộp 25 gói x 2g,41500.0,hộp,black_tea,Co.op,50.0,830000.0,,,,
2195,Trà xanh Thái Nguyên Phúc Long 200g,58200.0,gói,green_tea,Co.op,200.0,291000.0,,,,
2196,Trà hương dâu túi lọc Coop Select 50g,32300.0,hộp,black_tea,Co.op,50.0,646000.0,,,,
2197,Trà hương Bạc hà túi lọc Coop Select 2g x 25gói (50g),32300.0,hộp,black_tea,Co.op,50.0,646000.0,,,,
2198,Trà xanh đầu nguồn Coop Finest hộp 100g,71900.0,hộp,green_tea,Co.op,100.0,719000.0,,,,
2199,Trà xanh hoa lài túi lọc Coop Select 25x2g,28800.0,hộp,green_tea,Co.op,50.0,576000.0,,,,
2200,Trà xanh thái nguyên Coop Select lon 150g,38900.0,lon,green_tea,Co.op,150.0,259333.3333333333,,,,
2201,Trà Dilmah dâu hộp giấy 20 gói x 1.5g,49000.0,hộp,black_tea,Co.op,30.0,1633333.3333333333,,,,
2202,Trà Dilmah đào hộp giấy 20 gói x 1.5g,49000.0,hộp,black_tea,Co.op,30.0,1633333.3333333333,,,,
2203,Trà Dilmah bạc hà hộp giấy 20 gói x 1.5g,49000.0,hộp,black_tea,Co.op,30.0,1633333.3333333333,,,,
2204,Trà Lài Thái Nguyên Coop Select lon 150g,39900.0,hộp,green_tea,Co.op,150.0,266000.0,,,,
2205,Trà xanh Thái Nguyên Coop Select gói 100g,18900.0,gói,green_tea,Co.op,100.0,189000.0,,,,
2206,Trà Lài Thái Nguyên Phúc Long gói 100g,38000.0,gói,green_tea,Co.op,100.0,380000.0,,,,
2207,Trà Ô Long Tâm Châu Gói 100g,83000.0,gói,green_tea,Co.op,100.0,830000.0,,,,
2208,Trà Lài Thái Nguyên Coop Select 100g,19500.0,gói,green_tea,Co.op,100.0,195000.0,,,,
2209,Trà Thái Nguyên Đặc Biệt 100g,35400.0,gói,green_tea,Co.op,100.0,354000.0,,,,
2210,Trà Xanh Thái Nguyên Đặc Biệt Ngọc Ninh gói 150g,50500.0,gói,green_tea,Co.op,150.0,336666.6666666667,,,,
2211,Trà Xanh Phúc Long Túi Lọc 25 hộp 50g,32100.0,hộp,green_tea,Co.op,50.0,642000.0,,,,
2212,Trà Sen Thái Nguyên Phúc Long Gói 100g,40800.0,gói,green_tea,Co.op,100.0,408000.0,,,,
2213,Trà đào túi lọc Coop Select 50g,32300.0,hộp,black_tea,Co.op,50.0,646000.0,,,,
2214,Trà việt quất túi lọc Coop Select 2g x 25gói (50g),32300.0,hộp,black_tea,Co.op,50.0,646000.0,,,,
2215,Dầu đậu nành Meizan 2L,119800.0,chai,soybean_oil,Co.op,,,,,2000.0,59900.0
2216,Dầu đậu nành Vạn Thọ 2L,129000.0,chai,soybean_oil,Co.op,,,,,2000.0,64500.0
2217,Dầu đậu nành Vạn Thọ 1L,64500.0,chai,soybean_oil,Co.op,,,,,1000.0,64500.0
2218,Dầu đậu nành Simply 5L,320000.0,chai,soybean_oil,Co.op,,,,,5000.0,64000.0
2219,Dầu đậu nành Coba 2L,112000.0,chai,soybean_oil,Co.op,,,,,2000.0,56000.0
2220,Dầu đậu nành Coba 1L,56000.0,chai,soybean_oil,Co.op,,,,,1000.0,56000.0
2221,Dầu đậu nành Tường An 1L,65300.0,chai,soybean_oil,Co.op,,,,,1000.0,65300.0
2222,Dầu đậu nành Janbee 5L,314200.0,chai,soybean_oil,Co.op,,,,,5000.0,62840.0
2223,Dầu đậu nành Janbee 1L,66300.0,chai,soybean_oil,Co.op,,,,,1000.0,66300.0
2224,Dầu đậu nành Simply 400ml,28200.0,chai,soybean_oil,Co.op,,,,,400.0,70500.0
2225,Dầu đậu nành Meizan 5L,295000.0,chai,soybean_oil,Co.op,,,,,5000.0,59000.0
2226,Dầu đậu nành Meizan chai 1L,59900.0,chai,soybean_oil,Co.op,,,,,1000.0,59900.0
2227,Dầu đậu nành Simply 1L,65400.0,chai,soybean_oil,Co.op,,,,,1000.0,65400.00000000001
2228,Dầu đậu nành Tường An bình 2L,131000.0,chai,soybean_oil,Co.op,,,,,2000.0,65500.0
2229,Dầu đậu nành Tường An Marvela 1L,64900.0,chai,soybean_oil,Co.op,,,,,1000.0,64900.00000000001
2230,Dầu đậu nành Simply 2L,131000.0,chai,soybean_oil,Co.op,,,,,2000.0,65500.0
2231,Dầu đậu nành Tường An 5L,319000.0,cái,soybean_oil,Co.op,,,,,5000.0,63800.0
2232,Dầu nành Coop Select 5L,309000.0,chai,soybean_oil,Co.op,,,,,5000.0,61800.0
2233,Dầu nành Coop Select 1L,63800.0,chai,soybean_oil,Co.op,,,,,1000.0,63800.0
2234,Dầu nành Coop Select 2L,125000.0,chai,soybean_oil,Co.op,,,,,2000.0,62500.0
2235,Dầu ăn Simply hướng dương 2L,165000.0,chai,sunflower_oil,Co.op,,,,,2000.0,82500.0
2236,Dầu ăn Tường An hướng dương chai 1L,82500.0,chai,sunflower_oil,Co.op,,,,,1000.0,82500.0
2237,Dầu ăn Simply hướng dương 1L,82500.0,chai,sunflower_oil,Co.op,,,,,1000.0,82500.0
2238,Dầu hướng dương Meizan 1L,75600.0,chai,sunflower_oil,Co.op,,,,,1000.0,75600.0
2239,Gạo Neptune ST25 Gold 35SGC – 7kg,282000.0,bịch,rice,Co.op,7000.0,40285.71428571428,,,,
2240,Gạo thơm thượng hạng Neptune nhãn vàng 5kg,198900.0,bịch,rice,Co.op,5000.0,39780.0,,,,
2241,Gạo thơm mùa vàng ST 25 Coop Finest 5 kg,179000.0,túi,rice,Co.op,5000.0,35800.0,,,,
2242,Gạo tấm thơm Hom mali Na Siam 2kg,58500.0,bịch,rice,Co.op,2000.0,29250.0,,,,
2243,Gạo sinh thái Cà Mau ST25 VG 5kg,256500.0,bịch,rice,Co.op,5000.0,51300.0,,,,
2244,Gạo ST25 lúa tôm sinh thái Coop Finest 5kg,239000.0,bịch,rice,Co.op,5000.0,47800.0,,,,
2245,Gạo lài sữa Đồng Việt 5kg,111500.0,bịch,rice,Co.op,5000.0,22300.0,,,,
2246,Gạo Jasmine Coop Select 5kg – KG,136000.0,bịch,rice,Co.op,5000.0,27200.0,,,,
2247,Gạo thơm ST 25 thượng hạng Đồng Việt 5kg,194500.0,bịch,rice,Co.op,5000.0,38900.0,,,,
2248,Gạo thơm thượng hạng Nàng Sen Phú Quý 4kg – CX – F,168000.0,bịch,rice,Co.op,4000.0,42000.0,,,,
2249,Gạo thơm Cát tường ST25 lúa tôm 5kg,189800.0,túi,rice,Co.op,5000.0,37960.0,,,,
2250,Gạo ST25 hữu cơ Kim Thiên Lộc 5kg,205000.0,túi,rice,Co.op,5000.0,41000.0,,,,
2251,Gạo giống Nhật Coop Select 5 kg – King Green,159500.0,bịch,rice,Co.op,5000.0,31900.0,,,,
2252,Gạo Nàng Hoa Coop Select 5 kg – King Green,137500.0,bịch,rice,Co.op,5000.0,27500.0,,,,
2253,Gạo tấm thơm 1kg,26000.0,bịch,rice,Co.op,1000.0,26000.0,,,,
2254,Gạo ST24 Ocop Kim Thiên Lộc 5kg,177000.0,túi,rice,Co.op,5000.0,35400.0,,,,
2255,Gạo Jasmine Coop Select 7kg,191000.0,bịch,rice,Co.op,7000.0,27285.714285714286,,,,
2256,Gạo Nàng Sen Tài Lộc túi 4 kg – F,168000.0,bịch,rice,Co.op,4000.0,42000.0,,,,
2257,Gạo thơm ST25 lúa tôm Coop Finest 5kg,230000.0,túi,rice,Co.op,5000.0,46000.0,,,,
2258,Gạo thơm ST25 lúa tôm Coop Finest 3 kg,135000.0,bịch,rice,Co.op,3000.0,45000.0,,,,
2259,Gạo ngon Cỏ May túi 5kg,113200.0,bịch,rice,Co.op,5000.0,22640.0,,,,
2260,Gạo thơm Neptune ST24 túi 5kg,199900.0,gói,rice,Co.op,5000.0,39980.0,,,,
2261,Gạo Nàng Hương Ocop Kim Thiên Lộc 5kg,176500.0,bịch,rice,Co.op,5000.0,35300.0,,,,
2262,Gạo thơm đặc sản ST25 Neptune 5kg,228000.0,bịch,rice,Co.op,5000.0,45600.0,,,,
2263,Gạo ST25 Thiên Bình Home Rice 5kg – CX,190000.0,bịch,rice,Co.op,5000.0,38000.0,,,,
2264,Gạo OM 18 Coop Select 5 kg,105000.0,bịch,rice,Co.op,5000.0,21000.0,,,,
2265,Gạo thơm ST25 Coop Finest 7 kg,309000.0,bịch,rice,Co.op,7000.0,44142.857142857145,,,,
2266,Gạo Thơm Đài loan 5kg,142500.0,bịch,rice,Co.op,5000.0,28500.0,,,,
2267,Gạo Hạt Ngọc Trời Thiên Long bịch 5Kg,138500.0,bịch,rice,Co.op,5000.0,27700.0,,,,
2268,Gạo Hạt Ngọc Trời Bạch Dương bịch 5Kg,147900.0,bịch,rice,Co.op,5000.0,29580.0,,,,
2269,Gạo trắng nở xốp Coop Happy 5kg,92500.0,gói,rice,Co.op,5000.0,18500.0,,,,
2270,Gạo thơm làng ta Vua Gạo 5kg,125600.0,bịch,rice,Co.op,5000.0,25120.0,,,,
2271,Gạo thơm đậm đà Vua Gạo 5kg,176000.0,bịch,rice,Co.op,5000.0,35200.0,,,,
2272,Gạo Nhật Sushi Rice cao cấp 5kg,201500.0,bịch,rice,Co.op,5000.0,40300.0,,,,
2273,Gạo thơm Cát Tường ST24 lúa tôm 5kg,172900.0,bịch,rice,Co.op,5000.0,34580.0,,,,
2274,Gạo thơm Jasmine Tấn Vương 5kg,100000.0,bịch,rice,Co.op,5000.0,20000.0,,,,
2275,Gạo thơm bắc đẩu Hạt Ngọc Trời 5kg,161900.0,bịch,rice,Co.op,5000.0,32380.000000000004,,,,
2276,Gạo thơm ST24 Coop Finest 7kg,252000.0,bịch,rice,Co.op,7000.0,36000.0,,,,
2277,Gạo Đài thơm 8 Coop Select 5 kg,129000.0,bịch,rice,Co.op,5000.0,25800.0,,,,
2278,Gạo thơm ST 21 Coop Select 5 kg,137000.0,bịch,rice,Co.op,5000.0,27400.0,,,,
2279,Gạo trắng xốp mềm Coop Happy 5kg,92500.0,bịch,rice,Co.op,5000.0,18500.0,,,,
2280,Gạo thơm lài 5kg,125500.0,gói,rice,Co.op,5000.0,25100.0,,,,
2281,Gạo thơm ST25 thượng hạng Coop Finest 2kg,92000.0,bịch,rice,Co.op,2000.0,46000.0,,,,
2282,Gạo thơm ST25 thượng hạng Coop Finest 5kg,225000.0,bịch,rice,Co.op,5000.0,45000.0,,,,
2283,Gạo Nhật Fuji Sakura bịch 5kg,207500.0,gói,rice,Co.op,5000.0,41500.0,,,,
2284,Gạo Japonica Neptune bịch 5kg,160900.0,gói,rice,Co.op,5000.0,32180.0,,,,
2285,Gạo Cỏ May Long Châu 66 5kg,211200.0,gói,rice,Co.op,5000.0,42240.0,,,,
2286,Gạo Hommali Na Siam thơm 5kg,248500.0,bịch,rice,Co.op,5000.0,49700.0,,,,
2287,Gạo Cỏ May Hiểu về trái tim túi 5kg,169000.0,bịch,rice,Co.op,5000.0,33800.0,,,,
2288,Gạo thơm lài Lotus Rice Jasmine túi 2kg – CX – F,53500.0,bịch,rice,Co.op,2000.0,26750.0,,,,
2289,Gạo hữu cơ Sakura ECOBA Organic 1kg,105600.0,hộp,rice,Co.op,1000.0,105600.0,,,,
2290,Gạo hữu cơ ngọc mễ ECOBA Organic 1kg – CX – F,99000.0,hộp,rice,Co.op,1000.0,99000.0,,,,
2291,Gạo Hương Lài Thiên Kim túi 5kg,100000.0,bịch,rice,Co.op,5000.0,20000.0,,,,
2292,Gạo Thiên Kim Tây Đô túi 5kg,92500.0,bịch,rice,Co.op,5000.0,18500.0,,,,
2293,Gạo trắng hạt dài 5% Tấn Vương 5kg,92500.0,bịch,rice,Co.op,5000.0,18500.0,,,,
2294,Gạo Hạt Ngọc Trời Tiên Nữ bịch 5Kg,188500.0,bịch,rice,Co.op,5000.0,37700.0,,,,
2295,Gạo Tài Nguyên 5kg,138800.0,bịch,rice,Co.op,5000.0,27760.0,,,,
2296,Gạo Jasmine XH 5kg,124500.0,bịch,rice,Co.op,5000.0,24900.0,,,,
2297,Gạo Pathumthani Na Siam Thơm Bịch 5Kg,205500.0,bịch,rice,Co.op,5000.0,41100.0,,,,
2298,Đường mía nguyên chất Coop Select 1kg,33900.0,gói,sugar,Co.op,1000.0,33900.0,,,,
2299,Đường mía thượng hạng Biên Hòa 1kg,31000.0,bịch,sugar,Co.op,1000.0,31000.0,,,,
2300,Đường tinh luyện Biên Hòa hủ 800g,39200.0,hộp,sugar,Co.op,800.0,49000.0,,,,
2301,Đường mía cao cấp Biên Hòa 1kg,29900.0,bịch,sugar,Co.op,1000.0,29900.0,,,,
2302,Đường tinh luyện Biên Hòa 1kg,28000.0,bịch,sugar,Co.op,1000.0,28000.0,,,,
2303,Đường tinh luyện Biên Hòa 500g,16200.0,bịch,sugar,Co.op,500.0,32400.0,,,,
2304,Đường mía thượng hạng Biên Hòa 500g,17200.0,bịch,sugar,Co.op,500.0,34400.0,,,,
2305,Đường tinh luyện Quảng Ngãi 1 kg,30000.0,bịch,sugar,Co.op,1000.0,30000.0,,,,
2306,Đường kính trắng An Khê Ocop 1 kg,26500.0,bịch,sugar,Co.op,1000.0,26500.0,,,,
2307,Đường mía thiên nhiên Biên Hòa 1kg,35600.0,bịch,sugar,Co.op,1000.0,35600.0,,,,
2308,Đường mía khoáng chất Biên Hòa 1kg,35000.0,bịch,sugar,Co.op,1000.0,35000.0,,,,
2309,Đường mía cao cấp Biên Hòa 500g,16400.0,bịch,sugar,Co.op,500.0,32800.0,,,,
2311,Đường kính trắng RS Coop Happy 2kg – BH,52000.0,bịch,sugar,Co.op,2000.0,26000.0,,,,
2312,Đường tinh luyện RE Coop Select 1kg TP,29400.0,bịch,sugar,Co.op,1000.0,29400.0,,,,
2313,Đường tinh luyện RE Coop Select 500g,15500.0,bịch,sugar,Co.op,500.0,31000.0,,,,
2314,Đường trắng đồn điền TH 1kg,28500.0,gói,sugar,Co.op,1000.0,28500.0,,,,
2315,Muối biển tinh sấy i – ốt Coop Select 500g,3400.0,bịch,salt,Co.op,500.0,6800.0,,,,
2316,Muối tinh sạch cao cấp Ông Chà Và 1kg,9500.0,gói,salt,Co.op,1000.0,9500.0,,,,
2317,Muối Iot sấy Bạc Liêu 900g,7300.0,túi,salt,Co.op,900.0,8111.11111111111,,,,
2318,Muối iot Bạc Liêu 1kg,5700.0,bịch,salt,Co.op,1000.0,5700.0,,,,
2319,Muối tinh Iot Bình Định 500g,6700.0,bịch,salt,Co.op,500.0,13400.0,,,,
2320,Muối Iot Visachef 1kg,12200.0,bịch,salt,Co.op,1000.0,12200.0,,,,
2321,Muối biển cao cấp Visachef 1kg,12200.0,bịch,salt,Co.op,1000.0,12200.0,,,,
2322,Muối tinh sấy I – ot tím 500g,3500.0,bịch,salt,Co.op,500.0,7000.0,,,,
2323,Muối biển Coop Select tinh sấy 1kg,6300.0,bịch,salt,Co.op,1000.0,6300.0,,,,
2324,Muối tinh Bạc Liêu 500g,4100.0,bịch,salt,Co.op,500.0,8200.0,,,,
2325,Muối ăn sạch Visalco 250g,3300.0,gói,salt,Co.op,250.0,13200.0,,,,
2326,Muối biển mặt trời Visalco 950g,8100.0,gói,salt,Co.op,950.0,8526.315789473685,,,,
2327,Muối sạch Visalco 500g,5600.0,gói,salt,Co.op,500.0,11200.0,,,,
2328,Muối biển tinh chế iot Coop Select 1kg,7200.0,bịch,salt,Co.op,1000.0,7200.0,,,,
2329,Muối tinh sấy iot tím 1kg,6800.0,gói,salt,Co.op,1000.0,6800.0,,,,
2330,Muối biển hột Coop Select 1kg,7300.0,gói,salt,Co.op,1000.0,7300.0,,,,
2331,Muối biển Cà Ná Coop Select 1kg,11900.0,chai,salt,Co.op,1000.0,11900.0,,,,
2332,Muối biển tinh sấy Iốt Coop Select 1kg,6500.0,gói,salt,Co.op,1000.0,6500.0,,,,
2333,Bún gạo khô WAIWAI 500g (10x50g),46500.0,bịch,rice_noodles,Co.op,500.0,93000.0,,,,
2334,Mì spaghetti Pietro Coricelli 500g – KM,53500.0,gói,spaghetti,Co.op,500.0,107000.0,,,,
2335,Bún bò huế Minh Hảo 400g – KM,23500.0,gói,rice_noodles,Co.op,400.0,58750.0,,,,
2336,Bún tươi sấy Nuffam 400g,27500.0,bịch,rice_noodles,Co.op,400.0,68750.0,,,,
2337,Bún gạo Nàng Hương Bình Tây – 300g,19000.0,bịch,rice_noodles,Co.op,300.0,63333.333333333336,,,,
2338,Bún gạo xào Sa Đéc Sa Giang 400g,23200.0,bịch,rice_noodles,Co.op,400.0,58000.0,,,,
2339,Bún tươi Safaco 300g,21500.0,bịch,rice_noodles,Co.op,300.0,71666.66666666667,,,,
2340,Mì ý Spaghetti Panzani 400g,43400.0,bịch,spaghetti,Co.op,400.0,108500.0,,,,
2341,Mì Angel Hair San Remo N9 500g – CX – F,41300.0,bịch,spaghetti,Co.op,500.0,82600.0,,,,
2342,Bún khô Safoco 400g,28800.0,gói,rice_noodles,Co.op,400.0,72000.0,,,,
2343,Phở khô Hùng Lô Thiên Nhiên Xanh 500g – MB,35200.0,gói,rice_noodles,Co.op,500.0,70400.0,,,,
2344,Mì spaghetti San Remo số 5 gói 500g,40900.0,gói,spaghetti,Co.op,500.0,81800.0,,,,
2345,Mì Spaghetti N5 Olivoila 500g,53500.0,hộp,spaghetti,Co.op,500.0,107000.0,,,,
2346,Bún khô wai wai 500g,46500.0,gói,rice_noodles,Co.op,500.0,93000.0,,,,
2347,Bún tươi Mikiri sợi lớn 400g,27500.0,gói,rice_noodles,Co.op,400.0,68750.0,,,,
2348,Bún gạo Coop Select 300g,14500.0,gói,rice_noodles,Co.op,300.0,48333.333333333336,,,,
2349,Bún khô Coop Select 250g,12700.0,gói,rice_noodles,Co.op,250.0,50800.0,,,,
2350,Bún khô Coop Select 400g,19900.0,gói,rice_noodles,Co.op,400.0,49750.0,,,,
2351,Mì Bucatini PASTA ZARA s7 500g,53000.0,gói,spaghetti,Co.op,500.0,106000.0,,,,
2352,Mì Spaghetti Barilla N5 500g,71300.0,hộp,spaghetti,Co.op,500.0,142600.0,,,,
2353,Mì Spaghetti Barilla N1 500g,72600.0,hộp,spaghetti,Co.op,500.0,145200.0,,,,
2354,Bún gạo Coop Select 500g,21500.0,gói,rice_noodles,Co.op,500.0,43000.0,,,,
2355,Mì spaghetti Golden Farm 500g,39000.0,gói,spaghetti,Co.op,500.0,78000.0,,,,
2356,Nước mắm Phú Quốc Phú Nhĩ Sasco truyền thống 40N 500ml,111000.0,chai,fish_sauce,Co.op,,,,,500.0,222000.0
2357,Nước mắm Việt Nhi cốt nhĩ 35% 500ml,52800.0,chai,fish_sauce,Co.op,,,,,500.0,105600.0
2358,Nước mắm Làng Chài Xưa nhãn vàng 40N 500ml – F,96700.0,chai,fish_sauce,Co.op,,,,,500.0,193400.0
2359,Nước mắm Ngư Phát pet 750ml,56200.0,chai,fish_sauce,Co.op,,,,,750.0,74933.33333333334
2360,Nước mắm Tường An thủy tinh 32N 500ml,76500.0,chai,fish_sauce,Co.op,,,,,500.0,153000.0
2361,Nước mắm Liên Thành Nhất Vị thủy tinh 500ml,45400.0,chai,fish_sauce,Co.op,,,,,500.0,90800.0
2362,Nước mắm Phú Quốc Thanh Quốc Ocop 35N chai thủy tinh 520ml,83500.0,chai,fish_sauce,Co.op,,,,,520.0,160576.92307692306
2363,Nước mắm cá cơm 3 Miền 10N – 900ml,28800.0,chai,fish_sauce,Co.op,,,,,900.0,32000.0
2364,Nước mắm Phú Quốc Thanh Quốc Ocop 40 độ đạm chai thủy tinh 6x60ml,94200.0,hộp,fish_sauce,Co.op,,,,,360.0,261666.6666666667
2365,Nước mắm Cholimex 30N thủy tinh 500ml,47500.0,chai,fish_sauce,Co.op,,,,,500.0,95000.0
2366,Nước mắm Barona Đại Nhất 750ml,42500.0,chai,fish_sauce,Co.op,,,,,750.0,56666.666666666664
2367,Nước mắm Cholimex 40N thủy tinh 500ml,63000.0,chai,fish_sauce,Co.op,,,,,500.0,126000.0
2368,Nước mắm 584 Nha Trang thủy tinh 40N – 510ml,91000.0,chai,fish_sauce,Co.op,,,,,510.0,178431.3725490196
2369,Nước mắm cao cấp Liên Thành nhãn bạc chai thủy tinh 40 độ đạm 600ml,73800.0,chai,fish_sauce,Co.op,,,,,600.0,123000.0
2370,Nước mắm Chinsu ngon hảo hạng 40N – 500ml,103000.0,chai,fish_sauce,Co.op,,,,,500.0,206000.0
2371,Nước mắm Chinsu Biển Đông thủy tinh >25N – 720ml,61500.0,chai,fish_sauce,Co.op,,,,,720.0,85416.66666666667
2372,Nước mắm Liên Thành 120g/l 1.8L,103000.0,chai,fish_sauce,Co.op,,,,,1800.0,57222.22222222222
2373,Nước mắm cá cơm Liên Thành 30 độ đạm 4L,287400.0,chai,fish_sauce,Co.op,,,,,4000.0,71850.0
2374,Nước mắm Knorr chai 500ml,39200.0,chai,fish_sauce,Co.op,,,,,500.0,78400.0
2375,Nước mắm cao cấp Liên Thành thủy tinh 40N 150ml,32400.0,chai,fish_sauce,Co.op,,,,,150.0,216000.0
2376,Nước mắm nhĩ Coop Select 25N chai 1L,57000.0,chai,fish_sauce,Co.op,,,,,1000.0,57000.0
2377,Nước mắm nhĩ Coop Select 25N thủy tinh 500ml,43200.0,chai,fish_sauce,Co.op,,,,,500.0,86400.0
2378,Nước mắm Hương Việt 20N chai pet 750ml,41800.0,chai,fish_sauce,Co.op,,,,,750.0,55733.333333333336
2379,Nước mắm Hòa Hiệp 17N chai pet 750ml,40500.0,chai,fish_sauce,Co.op,,,,,750.0,54000.0
2380,Nước mắm Phú Quốc Thanh Quốc Ocop 40N thủy tinh 520ml,96500.0,chai,fish_sauce,Co.op,,,,,520.0,185576.92307692306
2381,Nước mắm 584 Nha Trang chai 25N – 2 L,104900.0,chai,fish_sauce,Co.op,,,,,2000.0,52450.0
2382,Nước mắm nhĩ 584 Nha Trang thủy tinh 30N – 500ml,54900.0,chai,fish_sauce,Co.op,,,,,500.0,109800.0
2383,Nước mắm 584 Nha Trang 25N – 1L,54900.0,chai,fish_sauce,Co.op,,,,,1000.0,54900.0
2384,Nước mắm Hồng Hạnh chai 35N 900ml,94500.0,chai,fish_sauce,Co.op,,,,,900.0,105000.0
2385,Nước mắm Hồng Hạnh cao đạm 20N chai 4.9L,175600.0,chai,fish_sauce,Co.op,,,,,4900.0,35836.73469387755
2386,Nước mắm lú Coop Select 32 độ đạm thủy tinh 500ml,69900.0,chai,fish_sauce,Co.op,,,,,500.0,139800.0
2387,Nước mắm cốt đặc biệt Lê Gia Ocop 525ml,106500.0,chai,fish_sauce,Co.op,,,,,525.0,202857.14285714287
2388,Nước mắm Chinsu cá hồi thủy tinh 20g/l 500ml,51800.0,chai,fish_sauce,Co.op,,,,,500.0,103600.0
2389,Nước mắm Liên Thành pet 60g/l 900ml,35300.0,chai,fish_sauce,Co.op,,,,,900.0,39222.22222222222
2390,Nước mắm Knorr ngon tròn vị 15 độ đạm 750ml,55300.0,chai,fish_sauce,Co.op,,,,,750.0,73733.33333333333
2391,Nước mắm Hồng Hạnh siêu Hạng 35N thủy tinh 500ml,66300.0,chai,fish_sauce,Co.op,,,,,500.0,132600.0
2392,Nước mắm truyền thống Bảy Hồng Hạnh 20N 1.9L,87800.0,chai,fish_sauce,Co.op,,,,,1900.0,46210.52631578947
2393,Nước mắm truyền thống cá cơm 30N 500ml,52800.0,chai,fish_sauce,Co.op,,,,,500.0,105600.0
2394,Nước mắm cốt nhĩ đặc biệt Hồng Hạnh 40 độ 500ml,91900.0,chai,fish_sauce,Co.op,,,,,500.0,183800.0
2395,Nước mắm siêu hạng Hồng Hạnh 35 độ đạm chai 1.9L,172300.0,chai,fish_sauce,Co.op,,,,,1900.0,90684.2105263158
2396,Nước mắm cá cơm than Thuận Phát chai 490ml,32500.0,chai,fish_sauce,Co.op,,,,,490.0,66326.5306122449
2397,Nước mắm Thuận Phát 60N thủy tinh 490ml,140000.0,chai,fish_sauce,Co.op,,,,,490.0,285714.28571428574
2398,Nước mắm cá cơm than Thuận Phát pet 740ml,46000.0,chai,fish_sauce,Co.op,,,,,740.0,62162.16216216216
2399,Nước mắm Barona vị xưa 20N 500ml,47400.0,chai,fish_sauce,Co.op,,,,,500.0,94800.0
2400,Nước mắm siêu hạng Hưng Thịnh 33-37g/L 620ml,58200.0,chai,fish_sauce,Co.op,,,,,620.0,93870.96774193548
2401,Nước mắm nhĩ Hưng Thịnh 35 độ đạm 750ml,74900.0,chai,fish_sauce,Co.op,,,,,750.0,99866.66666666666
2402,Nước mắm Hạnh Phúc 50 độ đạm 500ml,104000.0,chai,fish_sauce,Co.op,,,,,500.0,208000.0
2403,Nước mắm Hạnh Phúc 60 độ đạm lốc 10 chai x 50ml,166200.0,lốc,fish_sauce,Co.op,,,,,500.0,332400.0
2404,Nước mắm Vị Xưa 40 độ đạm chai thủy tinh 500ml,94000.0,chai,fish_sauce,Co.op,,,,,500.0,188000.0
2405,Nước mắm Nam Ngư nhãn vàng 14g/l 650ml,51700.0,chai,fish_sauce,Co.op,,,,,650.0,79538.46153846153
2406,Nước mắm cá cơm Thuận Phát 40 độ đạm chai thủy tinh 610ml,78500.0,chai,fish_sauce,Co.op,,,,,610.0,128688.52459016393
2407,Nước mắm Ông Kỳ 35N chai 525ml,102700.0,chai,fish_sauce,Co.op,,,,,525.0,195619.04761904763
2408,Nước mắm Liên Thành nhãn vàng 600ml,87900.0,chai,fish_sauce,Co.op,,,,,600.0,146500.0
2409,Nước mắm cá cơm Hạnh Phúc 60 độ đạm 500ml,137500.0,chai,fish_sauce,Co.op,,,,,500.0,275000.0
2410,Nước mắm Thanh Hà 35N chai 520ml,100000.0,cái,fish_sauce,Co.op,,,,,520.0,192307.6923076923
2411,Nước mắm cá cơm Thuận Phát 30 độ đạm chai thủy tinh 610ml,63500.0,chai,fish_sauce,Co.op,,,,,610.0,104098.3606557377
2412,Nước mắm nhỉ Phú Quốc THUYỀN XƯA 33N chai thủy tinh 500ml – CX – F,98500.0,chai,fish_sauce,Co.op,,,,,500.0,197000.0
2413,Nước mắm nhỉ Phú Quốc THUYỀN XƯA 40N chai thủy tinh 500ml – CX – F,156500.0,chai,fish_sauce,Co.op,,,,,500.0,313000.0
2414,Nước mắm nhỉ Phú Quốc THUYỀN XƯA 33N chai thủy tinh 65ml – CX – F,15800.0,chai,fish_sauce,Co.op,,,,,65.0,243076.92307692306
2415,Nước mắm nhỉ Phú Quốc THUYỀN XƯA 40N chai thủy tinh 65ml – CX – F,21000.0,chai,fish_sauce,Co.op,,,,,65.0,323076.9230769231
2416,Nước mắm nhỉ trẻ em THUYỀN XƯA 41N chai thủy tinh 65ml – CX – F,32500.0,chai,fish_sauce,Co.op,,,,,65.0,500000.0
2417,Nước mắm Hưng Thịnh 38 đ- 42g/l – 750ml,80000.0,chai,fish_sauce,Co.op,,,,,750.0,106666.66666666667
2418,Nước mắm Coop Select 1.8L,70800.0,cái,fish_sauce,Co.op,,,,,1800.0,39333.333333333336
2419,Nước mắm Liên Thành nhãn ngọc 40 độ chai thủy tinh 600ml,107000.0,chai,fish_sauce,Co.op,,,,,600.0,178333.33333333334
2420,Nước mắm Coop Select 35N thủy tinh 520ml,52200.0,chai,fish_sauce,Co.op,,,,,520.0,100384.61538461539
2421,Nước mắm Coop Select 62.5 g/l – 500ml,21400.0,chai,fish_sauce,Co.op,,,,,500.0,42800.0
2422,Nước mắm Coop Select pet 62.5g/L 2 lít,58000.0,chai,fish_sauce,Co.op,,,,,2000.0,29000.0
2423,Nước mắm Phú Quốc Thanh Hà 40 độ đạm chai 520ml,124200.0,chai,fish_sauce,Co.op,,,,,520.0,238846.15384615384
2424,Nước mắm Phú Quốc Ông Kỳ 40 độ đạm chai 525ml,127500.0,chai,fish_sauce,Co.op,,,,,525.0,242857.14285714287
2425,Nước mắm truyền thống Liên Thành 20 độ đạm bình 4L,204000.0,cái,fish_sauce,Co.op,,,,,4000.0,51000.0
2426,Nước mắm Nam Ngư Phú Quốc 32 độ đạm chai 500ml,65800.0,chai,fish_sauce,Co.op,,,,,500.0,131600.0
2427,Nước mắm Hạnh Phúc 60N 12 chai x 50ml,199200.0,hộp,fish_sauce,Co.op,,,,,600.0,332000.0
2428,Nước mắm Phú Quốc Ông Kỳ thủy tinh 38N 525ml,111900.0,chai,fish_sauce,Co.op,,,,,525.0,213142.85714285713
2429,Nước mắm Nam Ngư 3in1 900ml,59000.0,chai,fish_sauce,Co.op,,,,,900.0,65555.55555555556
2430,Nước mắm Nam Ngư đệ nhị chai 900ml,23900.0,chai,fish_sauce,Co.op,,,,,900.0,26555.55555555556
2431,Nước mắm Nam Ngư 3in1 chai 10g/l – 750ml,52500.0,chai,fish_sauce,Co.op,,,,,750.0,70000.0
2432,Nước mắm cá cơm Hạnh Phúc 60 độ đạm 250ml,70200.0,chai,fish_sauce,Co.op,,,,,250.0,280800.0
2433,Gạo thơm ST25 plus lúa tôm Neptune 5kg,252000.0,bịch,rice,Co.op,5000.0,50400.0,,,,
2434,Cam sành Coop Select túi kg,24900.0,kg,orange,Co.op,1000.0,24900.0,,,,
2435,Sữa đặc Dutch Lady cao cấp lon 380g – KM,32400.0,lon,condensed_milk,Co.op,380.0,85263.15789473684,,,,
10000,Cà tím màng co,25500.0,kg,eggplant,Co.op,1000.0,25500.0,,,,
