,name,price,uom,supermarket,product_type,weight,price_kg,number_of_units,price_unit,volume,price_lit
1,Cà chua loại so kg,26000,kg,Co.op,tomato,1000.0,26000.0,,,,
6,Cà chua Beef kg,26900,kg,Co.op,tomato,1000.0,26900.0,,,,
8,Cà rốt nhỏ 400g – F,29000,kg,Co.op,carrot,400.0,72500.0,,,,
9,Hành tây baby 300g – F,19000,kg,Co.op,onion,300.0,63333.333333333336,,,,
12,Cà chua trứng Coop Select kg-TNX,32900,kg,Co.op,tomato,1000.0,32900.0,,,,
14,Cà chua trái cây Ngọc Bích Coop Select – 300g,29000,hộp,Co.op,tomato,300.0,96666.66666666667,,,,
15,Cà rốt Coop Select kg,29900,bịch,Co.op,carrot,1000.0,29900.0,,,,
18,Củ hành tây Coop Select kg – TNX,24900,túi,Co.op,onion,1000.0,24900.0,,,,
19,Cà chua beef Coop Select kg – Viet Farm,35900,hộp,Co.op,tomato,1000.0,35900.0,,,,
25,Dưa leo Coop Select kg,23900,kg,Co.op,cucumber,1000.0,23900.0,,,,
31,Cà rốt baby Coop Select 200g,18900,vỉ,Co.op,carrot,200.0,94500.0,,,,
33,Cà chua trái cây 3 màu Coop Select 300g,22900,hộp,Co.op,tomato,300.0,76333.33333333333,,,,
34,Cà chua trái cây vàng Coop Select 300g,22900,hộp,Co.op,tomato,300.0,76333.33333333333,,,,
35,Cà chua trái cây choco Coop Select 300g,22900,hộp,Co.op,tomato,300.0,76333.33333333333,,,,
59,Dưa leo kg – HN – CX,29000,kg,Co.op,cucumber,1000.0,29000.0,,,,
82,Hành tây Đà Lạt kg,17900,kg,Co.op,onion,1000.0,17900.0,,,,
84,Cà chua bi kg,33500,kg,Co.op,tomato,1000.0,33500.0,,,,
91,Dưa leo – kg,23200,kg,Co.op,cucumber,1000.0,23200.0,,,,
101,Cà Chua – kg,23900,kg,Co.op,tomato,1000.0,23900.0,,,,
106,Cà rốt Đà Lạt – Kg,14900,kg,Co.op,carrot,1000.0,14900.0,,,,
118,Dưa leo giống Nhật Coop Select kg,34900,kg,Co.op,cucumber,1000.0,34900.0,,,,
122,Dưa leo baby Coop Select,28900,kg,Co.op,cucumber,1000.0,28900.0,,,,
173,Bắp cải trắng Coop Select kg – TNX,15900,kg,Co.op,cabbage,1000.0,15900.0,,,,
183,Rau muống baby organic 400g – F,25900,gói,Co.op,water_spinach,400.0,64750.0,,,,
194,Rau muống Coop Organic 300g,28000,gói,Co.op,water_spinach,300.0,93333.33333333333,,,,
213,Rau muống baby 250gr – F,20500,gói,Co.op,water_spinach,250.0,82000.0,,,,
228,Rau muống con Coop 300g,13500,gói,Co.op,water_spinach,300.0,45000.0,,,,
236,Rau muống nước,25000,kg,Co.op,water_spinach,1000.0,25000.0,,,,
253,Rau muống hữu cơ Viet RAP 300g – CX,19000,gói,Co.op,water_spinach,300.0,63333.333333333336,,,,
255,Bắp cải trắng – kg,12900,kg,Co.op,cabbage,1000.0,12900.0,,,,
257,Rau muống baby Coop Select gói 280g,13500,gói,Co.op,water_spinach,280.0,48214.28571428572,,,,
269,Rau muống Coop đóng gói 500g,16500,gói,Co.op,water_spinach,500.0,33000.0,,,,
292,Cam vàng Ai Cập hộp 4T 1kg-H990 – F,139000,kg,Co.op,orange,1000.0,139000.0,4.0,34750.0,,
293,Cam Úc,65900,kg,Co.op,orange,1000.0,65900.0,,,,
296,Cam sành Coop Select kg – RPL,23900,kg,Co.op,orange,1000.0,23900.0,,,,
297,Cam sành loại 1 – kg,20900,kg,Co.op,orange,1000.0,20900.0,,,,
299,Cam xoàn loại 1 kg,42500,kg,Co.op,orange,1000.0,42500.0,,,,
305,Cam Ai Cập,49900,kg,Co.op,orange,1000.0,49900.0,,,,
358,Xoài cát Cần Giờ Coop Select M kg,89000,kg,Co.op,mango,1000.0,89000.0,,,,
366,Cà chua bi đỏ Coop Organic 250g – QL,39900,vỉ,Co.op,tomato,250.0,159600.0,,,,
367,Cà chua bi vàng Coop Organic 250g – QL,39900,vỉ,Co.op,tomato,250.0,159600.0,,,,
368,Xoài giống úc kg,39900,kg,Co.op,mango,1000.0,39900.0,,,,
369,Xoài xanh giống Thái,53800,kg,Co.op,mango,1000.0,53800.0,,,,
370,Xoài cát Hòa Lộc L2 – kg,89500,kg,Co.op,mango,1000.0,89500.0,,,,
371,Xoài cát chu – kg,50900,kg,Co.op,mango,1000.0,50900.0,,,,
372,Chuối sáp sống kg,29500,kg,Co.op,banana,1000.0,29500.0,,,,
373,Xoài giống Đài Loan L1 kg,18500,kg,Co.op,mango,1000.0,18500.0,,,,
375,Xoài cát chu da vàng – kg,54900,kg,Co.op,mango,1000.0,54900.0,,,,
378,Xoài keo vàng,14500,kg,Co.op,mango,1000.0,14500.0,,,,
381,Chuối cau,15900,kg,Co.op,banana,1000.0,15900.0,,,,
382,Xoài Tứ Quý,35900,kg,Co.op,mango,1000.0,35900.0,,,,
392,Chuối sứ – kg,19200,kg,Co.op,banana,1000.0,19200.0,,,,
394,Xoài cát Hòa Lộc L1 – kg,101900,kg,Co.op,mango,1000.0,101900.0,,,,
395,Chuối vàng Laha giống Philippin kg – Bảo Phương,34900,kg,Co.op,banana,1000.0,34900.0,,,,
396,Chuối Coop Select L1 kg,31900,kg,Co.op,banana,1000.0,31900.0,,,,
397,Xoài keo,15900,kg,Co.op,mango,1000.0,15900.0,,,,
413,Phi lê gà công nghiệp Coop Select 500g – JF,45600,vỉ,Co.op,chicken_fillet,500.0,91200.0,,,,
420,Trứng gà non 250g – Tam Nong – F,105000,gói,Co.op,egg,250.0,420000.0,,,,
421,File gà công nghiệp 500g – Leboucher,49000,vỉ,Co.op,chicken_fillet,500.0,98000.0,,,,
434,Ức gà file CN kg-KU,98000,kg,Co.op,chicken_fillet,1000.0,98000.0,,,,
435,Ức gà không da Ba Huân 500g,45000,cái,Co.op,chicken_fillet,500.0,90000.0,,,,
439,Ức gà có xương BH 500g,31000,cái,Co.op,chicken_fillet,500.0,62000.0,,,,
449,File ức gà vĩ 500g – CP,50000,vỉ,Co.op,chicken_fillet,500.0,100000.0,,,,
462,PREORDER – Thịt đùi heo 500g hút chân không – Vissan,82000,túi,Co.op,pork_leg,500.0,164000.0,,,,
487,Nạc đùi heo CP 300g,40000,vĩ,Co.op,pork_leg,300.0,133333.33333333334,,,,
494,Nạc đùi heo Vissan,177000,kg,Co.op,pork_leg,1000.0,177000.0,,,,
504,Thịt đùi heo 300g – CP,52000,vỉ,Co.op,pork_leg,300.0,173333.33333333334,,,,
508,Thịt đùi heo Vissan kg,174000,kg,Co.op,pork_leg,1000.0,174000.0,,,,
521,Thịt đùi heo chuẩn ngon (S) kg,144900,kg,Co.op,pork_leg,1000.0,144900.0,,,,
600,Trứng gà hồng 10 trứng – VFood,38000,hộp,Co.op,egg,,,10.0,3800.0,,
601,Trứng gà tươi Tafa 600g – Hộp nhựa,34900,vỉ,Co.op,egg,600.0,58166.666666666664,,,,
603,Trứng gà vỉ 10 trứng x 60g – NTX,30000,vỉ,Co.op,egg,60.0,500000.0,10.0,3000.0,,
604,Trứng gà không phôi Vfarm hộp 6 trứng – F,18600,vỉ,Co.op,egg,,,6.0,3100.0,,
606,Trứng gà ác V.food 10trứng/giỏ – F,40000,giỏ,Co.op,egg,,,10.0,4000.0,,
607,Trứng gà ta Coop Select 10 trứng – VTD,42500,vỉ,Co.op,egg,,,10.0,4250.0,,
608,Trứng gà Ba Huân XL vỉ 10 trứng,33500,vỉ,Co.op,egg,,,10.0,3350.0,,
609,Trứng gà Omega3 & DHA 6 trứng/hộp – VTD,30800,hộp,Co.op,egg,,,6.0,5133.333333333333,,
610,Trứng gà không phôi L1 10 trứng/hộp – Vfarm,31000,vỉ,Co.op,egg,,,10.0,3100.0,,
613,Trứng gà VFood hộp 6 trứng,18600,hộp,Co.op,egg,,,6.0,3100.0,,
614,Trứng gà gộc Ba Huân vĩ 10 trứng,44000,cái,Co.op,egg,,,10.0,4400.0,,
616,Trứng gà Ba Huân DHA hộp 6 trứng,31600,hộp,Co.op,egg,,,6.0,5266.666666666667,,
617,Trứng gà Ba Huân Omega 3 hộp 6 trứng,32000,hộp,Co.op,egg,,,6.0,5333.333333333333,,
618,Trứng gà gộc Vfood vĩ 4 trứng,16500,vỉ,Co.op,egg,,,4.0,4125.0,,
619,Trứng gà Ba Huân vĩ 6 trứng,18600,vỉ,Co.op,egg,,,6.0,3100.0,,
620,Trứng gà ta Vfood giỏ 10 trứng,43000,giỏ,Co.op,egg,,,10.0,4300.0,,
621,Trứng gà ác Ba Huân giỏ 10 trứng,45000,giỏ,Co.op,egg,,,10.0,4500.0,,
622,Trứng gà Coop Select size L 10T (BH),31000,hộp,Co.op,egg,,,10.0,3100.0,,
623,Trứng Gà Coop Select Loại 1 vĩ 10 Trứng,31000,hộp,Co.op,egg,,,10.0,3100.0,,
624,Trứng Gà Coop Select Loại 1 vỉ 6 Trứng,18600,hộp,Co.op,egg,,,6.0,3100.0,,
1511,Tàu hũ trắng Tafu 300g,10400,gói,Co.op,tofu,300.0,34666.666666666664,,,,
1518,Tàu hũ trắng Ichi-Sakura 350g,12900,hộp,Co.op,tofu,350.0,36857.142857142855,,,,
1519,Đậu hũ Vina 300g,11000,hộp,Co.op,tofu,300.0,36666.666666666664,,,,
1540,Đậu Hũ Lụa Cao Cấp Vina Tofu 220g,6700,gói,Co.op,tofu,220.0,30454.545454545452,,,,
1542,Đậu Hũ Non Cao Cấp Vina ToFu 300g,10400,hộp,Co.op,tofu,300.0,34666.666666666664,,,,
1544,Đậu hũ non Coop Select 280g,9900,gói,Co.op,tofu,280.0,35357.142857142855,,,,
1546,Sữa chua trái cây Hoff chuối organic lốc 6 x 55g,110600,lốc,Co.op,yogurt,330.0,335151.51515151514,6.0,18433.333333333332,,
1701,Bánh baguette mini 125g-SS990 – F,7000,phần,Co.op,bread,125.0,56000.0,,,,
1703,Bánh baguette Pháp 300g-SS990 – F,19000,phần,Co.op,bread,300.0,63333.333333333336,,,,
1707,Bánh mì tươi 160g-SS990 – F,13000,phần,Co.op,bread,160.0,81250.0,,,,
1709,Bánh baguette dài 230g-SS990 – F,10000,phần,Co.op,bread,230.0,43478.260869565216,,,,
1716,Bánh Sandwich óc chó 250g – F,32000,bịch,Co.op,bread,250.0,128000.0,,,,
1723,Bánh sandwich 250g – F,24000,gói,Co.op,bread,250.0,96000.0,,,,
1731,Bánh mì sandwich 275g,20500,cái,Co.op,bread,275.0,74545.45454545454,,,,
1743,Bánh mì sandwich tươi lạt Otto 450g,27600,gói,Co.op,bread,450.0,61333.333333333336,,,,
1745,Bánh mì sandwich tươi lạt Otto 220g,15500,bịch,Co.op,bread,220.0,70454.54545454546,,,,
1866,Bánh mì Plain trắng 130g – SB990,20000,cái,Co.op,bread,130.0,153846.15384615384,,,,
1893,Bánh mì sandwich Staff 275g,19900,cái,Co.op,bread,275.0,72363.63636363635,,,,
1894,Bánh mì sandwich Staff 110g,8900,cái,Co.op,bread,110.0,80909.09090909091,,,,
1895,Bánh mì Paket Bảo Ngọc 108g,12000,cái,Co.op,bread,108.0,111111.11111111111,,,,
3206,Sữa tiệt trùng Dutch Lady không đường 220ml,6900,gói,Co.op,milk,,,,,220.0,31363.636363636364
3207,Sữa tiệt trùng Dutch Lady không đường 48 x 220ml,329000,thùng,Co.op,milk,,,48.0,6854.166666666667,10560.0,31155.303030303032
3213,Sữa dinh dưỡng Vinamilk không đường 6 gói x 220ml,46500,bộ,Co.op,milk,,,6.0,7750.0,1320.0,35227.27272727273
3217,Sữa tươi tiệt trùng Dalat không đường 48 x 220ml,401600,thùng,Co.op,milk,,,48.0,8366.666666666666,10560.0,38030.30303030303
3224,Sữa tươi tiệt trùng Dutch Lady không đường 48 x 180ml,313000,thùng,Co.op,milk,,,48.0,6520.833333333333,8640.0,36226.851851851854
3225,Sữa tươi tiệt trùng Dutch Lady không đường 180ml,6600,bịch,Co.op,milk,,,,,180.0,36666.666666666664
3228,Sữa dinh dưỡng Vinamilk không đường 48 bịch x 220ml,370000,thùng,Co.op,milk,,,,,10560.0,35037.87878787879
3231,Sữa tươi tiệt trùng Vinamilk 100% sữa tươi không đường 6 x 220ml,52000,bộ,Co.op,milk,,,6.0,8666.666666666666,1320.0,39393.93939393939
3236,Sữa tươi tiệt trùng Vinamilk 100% sữa tươi không đường 48x220ml,413000,thùng,Co.op,milk,,,48.0,8604.166666666666,10560.0,39109.84848484849
3239,Sữa dinh dưỡng Vinamilk không đường gói 220ml,7800,bịch,Co.op,milk,,,,,220.0,35454.545454545456
3242,Sữa tươi tiệt trùng Vinamilk 100% sữa tươi không đường 220ml,8800,bịch,Co.op,milk,,,,,220.0,40000.0
3249,Sữa tươi tiệt trùng TH nguyên chất 48 bịch x 220ml,420800,thùng,Co.op,milk,,,,,10560.0,39848.48484848485
3255,Sữa dinh dưỡng tiệt trùng VPMILK OMEGA không đường gói 220ml,8200,gói,Co.op,milk,,,,,220.0,37272.72727272727
3256,Sữa tươi tiệt trùng Dalat Milk không đường 220ml,8400,bịch,Co.op,milk,,,,,220.0,38181.81818181818
3259,Sữa tươi tiệt trùng TH True Milk nguyên chất bịch 220ml,9000,gói,Co.op,milk,,,,,220.0,40909.090909090904
3263,Sữa tươi tiệt trùng NutiMilk tươi sạch nguyên chất hộp giấy 12 x 1L,433000,thùng,Co.op,milk,,,12.0,36083.333333333336,12000.0,36083.333333333336
3273,Sữa tươi tiệt trùng Australia’s Own nguyên kem 1L,46900,hộp,Co.op,milk,,,,,1000.0,46900.0
3281,Sữa tươi VPmilk Uht không đường thùng 48 x 180ml,419000,thùng,Co.op,milk,,,48.0,8729.166666666666,8640.0,48495.37037037037
3284,Sữa tươi nguyên chất tiệt trùng Green Farm Organic hộp giấy 1L,55800,hộp,Co.op,milk,,,,,1000.0,55800.0
3285,Sữa tươi tiệt trùng TH True Gold 4 x 180ml,71200,lốc,Co.op,milk,,,4.0,17800.0,720.0,98888.88888888889
3287,Sữa tươi thanh trùng Green Farm không đường 900ml,49500,hộp,Co.op,milk,,,,,900.0,55000.0
3290,Sữa tươi tiệt trùng Cowhead nguyên kem hộp giấy 1L – CX – F,47900,hộp,Co.op,milk,,,,,1000.0,47900.0
3297,Sữa tiệt trùng Devondale pure milk 6 x 200ml,105000,lốc,Co.op,milk,,,6.0,17500.0,1200.0,87500.0
3304,Sữa tươi tiệt trùng TH nguyên chất 48 x 110ml,298800,thùng,Co.op,milk,,,48.0,6225.0,5280.0,56590.909090909096
3312,Sữa tươi tiệt trùng NutiMilk tươi sạch nguyên chất hộp 1L,36500,hộp,Co.op,milk,,,,,1000.0,36500.0
3314,Sữa tươi Meadow Fresh canxi hộp giấy 1L,61900,hộp,Co.op,milk,,,,,1000.0,61900.0
3315,Sữa tươi tiệt trùng ít béo Meadow Fresh hộp 1L,51300,hộp,Co.op,milk,,,,,1000.0,51300.0
3326,Sữa tươi tiệt trùng Nuitmilk tươi sạch nguyên chất 4x180ml,34000,lốc,Co.op,milk,,,4.0,8500.0,720.0,47222.22222222222
3327,Sữa tươi tiệt trùng Vinamilk 100% ít béo không đường lốc 4x180ml,33700,lốc,Co.op,milk,,,4.0,8425.0,720.0,46805.555555555555
3328,Sữa tươi tiệt trùng Reta milk 1L,48600,hộp,Co.op,milk,,,,,1000.0,48600.0
3329,Sữa tươi tiệt trùng President nguyên kem 3.5% béo 1L,53000,hộp,Co.op,milk,,,,,1000.0,53000.0
3330,Sữa tươi tiệt trùng Mlekovita nguyên kem 3.5% béo 1L,42800,hộp,Co.op,milk,,,,,1000.0,42800.0
3337,Sữa tươi nguyên chất tiệt trùng Green Farm 12x1L,500400,thùng,Co.op,milk,,,12.0,41700.0,12000.0,41700.0
3338,Sữa tươi nguyên chất tiệt trùng Green Farm 1L,41700,hộp,Co.op,milk,,,,,1000.0,41700.0
3342,Sữa tươi tiệt trùng Vinamilk 100% sữa tươi không đường lốc 4x180ml,33700,lốc,Co.op,milk,,,4.0,8425.0,720.0,46805.555555555555
3349,Sữa tươi tiệt trùng Vitadairy sữa non 24x180ml,315000,thùng,Co.op,milk,,,24.0,13125.0,4320.0,72916.66666666667
3350,Sữa tươi tiệt trùng Vitadairy sữa non 3x180ml,39800,lốc,Co.op,milk,,,3.0,13266.666666666666,540.0,73703.70370370371
3354,Sữa tươi tiệt trùng Vinamilk Green Farm không đường thùng 48x180ml,464000,thùng,Co.op,milk,,,48.0,9666.666666666666,8640.0,53703.7037037037
3360,Sữa tươi tiệt trùng Emborg nguyên kem hộp 1L,45500,hộp,Co.op,milk,,,,,1000.0,45500.0
3366,Sữa tươi tiệt trùng nguyên kem Harvey Fresh 1L – F,55500,hộp,Co.op,milk,,,,,1000.0,55500.0
3368,Sữa tươi tiệt trùng Vinamilk 100% không đường thùng 48x180ml,403000,thùng,Co.op,milk,,,48.0,8395.833333333334,8640.0,46643.51851851852
3369,Sữa tươi tiệt trùng Vinamilk 100% không đường hộp giấy 1L,37500,hộp,Co.op,milk,,,,,1000.0,37500.0
3372,Sữa tươi tiệt trùng Vinamilk Green Farm không đường 4x180ml,39000,lốc,Co.op,milk,,,4.0,9750.0,720.0,54166.666666666664
3374,Sữa tươi tiệt trùng Vinamilk 100% không đường thùng 12x1L,449000,thùng,Co.op,milk,,,12.0,37416.666666666664,12000.0,37416.666666666664
3381,Sữa tươi tiệt trùng TH ngũ cốc 48x180ml,583200,thùng,Co.op,milk,,,48.0,12150.0,8640.0,67500.0
3382,Sữa tươi tiệt trùng TH ngũ cốc 4x180ml,48600,lốc,Co.op,milk,,,4.0,12150.0,720.0,67500.0
3383,Sữa tươi tiệt trùng Promess Vitamin hộp giấy 1L,49800,hộp,Co.op,milk,,,,,1000.0,49800.0
3389,Sữa tươi tiệt trùng Vinamilk 100% ít béo không đường thùng 48x180ml,403000,thùng,Co.op,milk,,,48.0,8395.833333333334,8640.0,46643.51851851852
3391,Sữa tươi tiệt trùng Anchor nguyên chất hộp giấy 1L,60500,hộp,Co.op,milk,,,,,1000.0,60500.0
3392,Sữa tươi tiệt trùng nguyên chất TH True Milk 4 x 110 ml,24900,lốc,Co.op,milk,,,4.0,6225.0,440.0,56590.909090909096
3393,Sữa tươi Devondale nguyên chất hộp 1L,67900,hộp,Co.op,milk,,,,,1000.0,67900.0
3399,Sữa tươi tiệt trùng TH không đường 48x180ml,446400,thùng,Co.op,milk,,,48.0,9300.0,8640.0,51666.666666666664
3403,Sữa tiệt trùng Dutch Lady không đường 48x180ml,395000,thùng,Co.op,milk,,,48.0,8229.166666666666,8640.0,45717.5925925926
3409,Sữa tươi tiệt trùng Dutch Lady không đường 12x965ml,418200,thùng,Co.op,milk,,,12.0,34850.0,11580.0,36113.9896373057
3412,Sữa tươi tiệt trùng Dalat không đường 48x180ml,422400,thùng,Co.op,milk,,,48.0,8800.0,8640.0,48888.88888888888
3413,Sữa tươi tiệt trùng Dalat không đường 4x180ml,35200,lốc,Co.op,milk,,,4.0,8800.0,720.0,48888.88888888888
3416,Sữa tươi VPmilk Uht không đường lốc 4 x 180ml,35600,lốc,Co.op,milk,,,4.0,8900.0,720.0,49444.444444444445
3429,Sữa tươi tiệt trùng TH True Milk nguyên chất hộp 1L,39200,hộp,Co.op,milk,,,,,1000.0,39200.0
3431,Sữa tiệt trùng Dutch Lady không đường hộp giấy 965ml,34900,hộp,Co.op,milk,,,,,965.0,36165.80310880829
3434,Sữa tươi Meadow Fresh ít béo hộp giấy 200ml,47500,lốc,Co.op,milk,,,,,200.0,237500.0
3435,Sữa tươi Meadow Fresh canxi 3 x 200ml,54500,lốc,Co.op,milk,,,3.0,18166.666666666668,600.0,90833.33333333333
3436,Sữa tươi Meadow Fresh nguyên kem hộp giấy 3 x 200ml,47500,lốc,Co.op,milk,,,3.0,15833.333333333334,600.0,79166.66666666667
3440,Sữa dinh dưỡng Vinamilk Flex không đường 1L,36500,hộp,Co.op,milk,,,,,1000.0,36500.0
3442,Sữa tiệt trùng Dutch Lady không đường lốc 4 x 180ml,33000,lốc,Co.op,milk,,,4.0,8250.0,720.0,45833.333333333336
3447,Sữa tươi Meadow Fresh nguyên kem hộp giấy 1L,52400,hộp,Co.op,milk,,,,,1000.0,52400.0
3448,Sữa tươi tiệt trùng Promess không béo hộp 1L,48800,hộp,Co.op,milk,,,,,1000.0,48800.0
3449,Sữa tươi tiệt trùng nguyên kem Promess hộp 1L,48800,hộp,Co.op,milk,,,,,1000.0,48800.0
3450,Sữa tươi tiệt trùng ít béo Promess hộp 1L,48800,hộp,Co.op,milk,,,,,1000.0,48800.0
3452,Sữa tươi tiệt trùng Promess ít béo 3x200ml,40300,lốc,Co.op,milk,,,3.0,13433.333333333334,600.0,67166.66666666667
3454,Sữa tươi thanh trùng Dalat milk nguyên chất 950ml,47600,hộp,Co.op,milk,,,,,950.0,50105.26315789474
3460,Sữa tươi tiệt trùng TH true MILK không đường lốc 4 hộp x 180ml,37200,lốc,Co.op,milk,,,,,720.0,51666.666666666664
3462,Sữa chua ăn TH Topkid vani 48 x 60g,294000,thùng,Co.op,yogurt,2880.0,102083.33333333333,48.0,6125.0,,
3463,Sữa chua hoa quả Hoff táo 4 x 55g,45700,lốc,Co.op,yogurt,220.0,207727.2727272727,4.0,11425.0,,
3464,Sữa chua hoa quả Hoff nguyên bản 4 x 55g,45700,lốc,Co.op,yogurt,220.0,207727.2727272727,4.0,11425.0,,
3467,Sữa chua ăn Vinamilk có đường lốc 4 hủ x 100g,26000,lốc,Co.op,yogurt,400.0,65000.0,,,,
3468,Sữa chua ăn Vinamilk ít đường lốc 4 x 100g,26000,lốc,Co.op,yogurt,400.0,65000.0,4.0,6500.0,,
3471,Sữa chua TH Yogurt ít đường 48x100g,350400,thùng,Co.op,yogurt,4800.0,73000.0,48.0,7300.0,,
3472,Sữa chua tươi nha đam Dalat Milk 100g – CX – F,11500,hộp,Co.op,yogurt,100.0,115000.0,,,,
3473,Sữa chua dâu tây Dalat Milk 100g – CX – F,11500,hộp,Co.op,yogurt,100.0,115000.0,,,,
3474,Sữa chua tươi vị đào Dalat Milk 100g – CX – F,11500,hộp,Co.op,yogurt,100.0,115000.0,,,,
3475,Sữa chua ăn Vinamilk lựu đỏ ít đường 24x100g,199000,thùng,Co.op,yogurt,2400.0,82916.66666666667,24.0,8291.666666666666,,
3476,Sữa chua ăn Vinamilk lựu đỏ ít đường 4x100g,33800,lốc,Co.op,yogurt,400.0,84500.0,4.0,8450.0,,
3477,Sữa chua ăn Vinamilk nha đam ít đường collagen 24x100g,199000,thùng,Co.op,yogurt,2400.0,82916.66666666667,24.0,8291.666666666666,,
3478,Sữa chua ăn Vinamilk nha đam ít đường collagen 4x100g,33800,lốc,Co.op,yogurt,400.0,84500.0,4.0,8450.0,,
3479,Sữa chua Vinamilk nếp cẩm thùng 24x100g,198000,thùng,Co.op,yogurt,2400.0,82500.0,24.0,8250.0,,
3480,Sữa chua Vinamilk Green Farm ít đường 24x100g,164000,thùng,Co.op,yogurt,2400.0,68333.33333333333,24.0,6833.333333333333,,
3481,Sữa chua Vinamilk Green Farm có đường 24x100g,164000,thùng,Co.op,yogurt,2400.0,68333.33333333333,24.0,6833.333333333333,,
3482,Sữa chua hoa quả Hoff chuối 4 x 55g,45700,lốc,Co.op,yogurt,220.0,207727.2727272727,4.0,11425.0,,
3483,Sữa chua hoa quả Hoff dâu 4 x 55g,45700,lốc,Co.op,yogurt,220.0,207727.2727272727,4.0,11425.0,,
3485,Sữa chua ăn TH Topkid chuối lúa mạch 4 x 60g,24500,lốc,Co.op,yogurt,240.0,102083.33333333333,4.0,6125.0,,
3486,Sữa chua ăn TH Topkid vani 4 x 60g,24500,lốc,Co.op,yogurt,240.0,102083.33333333333,4.0,6125.0,,
3487,Sữa chua TH Yogurt ít đường 4x100g,29200,lốc,Co.op,yogurt,400.0,73000.0,4.0,7300.0,,
3488,Sữa chua Vinamilk trái cây thùng 48x100g,375000,thùng,Co.op,yogurt,4800.0,78125.0,48.0,7812.5,,
3489,Sữa chua Vinamilk dâu thùng 48x100g,375000,thùng,Co.op,yogurt,4800.0,78125.0,48.0,7812.5,,
3490,Sữa chua Vinamilk có đường thùng 48x100g,310000,thùng,Co.op,yogurt,4800.0,64583.33333333333,48.0,6458.333333333333,,
3491,Sữa chua Vinamilk Green Farm có đường 4x100g,28000,lốc,Co.op,yogurt,400.0,70000.0,4.0,7000.0,,
3492,Sữa chua Vinamilk Love Yogurt nếp cẩm thùng 48x100g,385000,thùng,Co.op,yogurt,4800.0,80208.33333333333,48.0,8020.833333333333,,
3493,Sữa chua Nutimilk có đường 48x100g,296000,thùng,Co.op,yogurt,4800.0,61666.666666666664,48.0,6166.666666666667,,
3494,Sữa chua Nutimilk nha đam 48x100g,355000,thùng,Co.op,yogurt,4800.0,73958.33333333333,48.0,7395.833333333333,,
3495,Sữa chua Đà Lạt Milk tự nhiên 500g,47400,hộp,Co.op,yogurt,500.0,94800.0,,,,
3496,Sữa chua Đà Lạt Milk có đường 500g,47400,hộp,Co.op,yogurt,500.0,94800.0,,,,
3497,Sữa chua ăn TH True nha Đam 48x100g,396000,thùng,Co.op,yogurt,4800.0,82500.0,48.0,8250.0,,
3498,Sữa chua ăn TH Sầu Riêng 4x100g,33000,lốc,Co.op,yogurt,400.0,82500.0,4.0,8250.0,,
3499,Sữa chua ăn TH Sầu Riêng 48x100g,396000,thùng,Co.op,yogurt,4800.0,82500.0,48.0,8250.0,,
3501,Sữa chua Vinamilk Green Farm ít đường lốc 4x100g,28000,lốc,Co.op,yogurt,400.0,70000.0,4.0,7000.0,,
3502,Sữa chua phô mai Sài Gòn Milk 100g,12500,hộp,Co.op,yogurt,100.0,125000.0,,,,
3505,Sữa chua ăn TH Truemilk có đường 4 x 100g,29200,lốc,Co.op,yogurt,400.0,73000.0,4.0,7300.0,,
3506,Sữa chua Vinamilk trân châu đường đen lốc 4 hủ x 100g,36500,lốc,Co.op,yogurt,400.0,91250.0,,,,
3507,Sữa chua ăn TH true milk trái cây lốc 4 hủ x100g,33000,lốc,Co.op,yogurt,400.0,82500.0,,,,
3508,Sữa chua ăn TH true milk việt quất lốc 4x100g,33000,lốc,Co.op,yogurt,400.0,82500.0,4.0,8250.0,,
3509,Sữa chua ăn TH True milk vị tự nhiên lốc 4 hủ x100g,29200,lốc,Co.op,yogurt,400.0,73000.0,,,,
3513,Sữa chua ăn TH True nha đam 4x100g,33000,lốc,Co.op,yogurt,400.0,82500.0,4.0,8250.0,,
3514,Sữa chua ăn Nutimilk nha đam lốc 4 x 100g,29800,lốc,Co.op,yogurt,400.0,74500.0,4.0,7450.0,,
3515,Sữa chua Nutimilk có đường lốc 4 x 100g,24800,lốc,Co.op,yogurt,400.0,62000.0,4.0,6200.0,,
3516,Sữa chua Susu IQ táo chuối lốc 4x80g,29000,lốc,Co.op,yogurt,320.0,90625.0,4.0,7250.0,,
3517,Sữa chua ăn Vinamilk Susu IQ dâu chuối lốc 4x80g,29000,lốc,Co.op,yogurt,320.0,90625.0,4.0,7250.0,,
3518,Sữa chua ăn Vinamilk Susu IQ có đường lốc 4x80g,29000,lốc,Co.op,yogurt,320.0,90625.0,4.0,7250.0,,
3519,Sữa chua ăn Vinamilk nếp cẩm lốc 4x100g,33500,lốc,Co.op,yogurt,400.0,83750.0,4.0,8375.0,,
3737,Sữa đặc Ông Thọ đỏ cao cấp hộp giấy 1kg,62700,hộp,Co.op,condensed_milk,1000.0,62700.0,,,,
3746,Sữa đặc Ông Thọ hộp giấy đỏ 24 x 380g,607000,thùng,Co.op,condensed_milk,9120.0,66557.01754385965,24.0,25291.666666666668,,
3747,Sữa đặc Ông Thọ chữ xanh hộp giấy thùng 24x380g,636000,thùng,Co.op,condensed_milk,9120.0,69736.84210526316,24.0,26500.0,,
3748,Sữa đặc Ông Thọ chữ xanh thùng 48x380g,1273000,thùng,Co.op,condensed_milk,18240.0,69791.66666666667,48.0,26520.833333333332,,
3750,Sữa đặc ông thọ Vinamilk có đường 6 hộp x 40g,27900,hộp,Co.op,condensed_milk,240.0,116250.0,,,,
3759,Sữa đặc Ông Thọ đỏ hộp 380g,25500,hộp,Co.op,condensed_milk,380.0,67105.26315789473,,,,
3760,Sữa đặc có đường Hoàn Hảo lon 380g,20200,lon,Co.op,condensed_milk,380.0,53157.8947368421,,,,
3761,Sữa đặc có đường Ông Thọ đỏ tuýp 165g,19600,cái,Co.op,condensed_milk,165.0,118787.87878787878,,,,
3762,Sữa đặc Ông Thọ chữ xanh hộp thiếc 380g,26700,lon,Co.op,condensed_milk,380.0,70263.15789473684,,,,
3763,Sữa đặc Vinamilk Tài Lộc có đường hộp thiếc 380g,16600,lon,Co.op,condensed_milk,380.0,43684.21052631579,,,,
3764,Sữa đặc Ông Thọ chữ xanh hộp giấy 380g,26700,hộp,Co.op,condensed_milk,380.0,70263.15789473684,,,,
3765,"Sữa đặc Ngôi sao Phương Nam xanh biển hộp 1,284kg",57000,hộp,Co.op,condensed_milk,1284.0,44392.52336448598,,,,
3766,Sữa đặc có đường Dairy Champ lon 500g,28000,lon,Co.op,condensed_milk,500.0,56000.0,,,,
3767,Sữa đặc có đường Ông Thọ đỏ hộp giấy 1284g,79800,hộp,Co.op,condensed_milk,1284.0,62149.53271028038,,,,
3770,Sữa đặc Ông Thọ trắng nhãn vàng lon 380g có nắp khui,32500,lon,Co.op,condensed_milk,380.0,85526.31578947368,,,,
3771,Sữa đặc có đường Ông Thọ nhãn đỏ 380g,25500,lon,Co.op,condensed_milk,380.0,67105.26315789473,,,,
3772,Sữa đặc Dutch Lady xanh biển lon 380g,26300,lon,Co.op,condensed_milk,380.0,69210.52631578948,,,,
4156,Trà hoa sen Phúc Long 150g,76500,hộp,Co.op,green_tea,150.0,510000.0,,,,
4157,Trà túi lọc Thái Nguyên hương sen Việt Anh 25 túi x 2g,25600,hộp,Co.op,green_tea,50.0,512000.0,25.0,1024.0,,
4184,Cafe rang xay King Inspire Blend 3 gói 500g,196000,gói,Co.op,ground_coffee,500.0,392000.0,3.0,65333.333333333336,,
4186,Cà phê Phố rang xay gói 450g,110500,gói,Co.op,ground_coffee,450.0,245555.55555555553,,,,
4206,Cà phê rang xay Expert Blend King 2 gói 500g,120000,gói,Co.op,ground_coffee,500.0,240000.0,2.0,60000.0,,
4207,Cà phê rang xay K-Morning gói 227g,74500,gói,Co.op,ground_coffee,227.0,328193.83259911893,,,,
4208,Cà phê Arabica Mê Trang gói 500g,80000,gói,Co.op,ground_coffee,500.0,160000.0,,,,
4212,Cà phê sáng tạo 8 Trung Nguyên 500g,606000,hộp,Co.op,ground_coffee,500.0,1212000.0,,,,
4225,Cà phê xay HIGHLANDS moka gói 200g,116500,bịch,Co.op,ground_coffee,200.0,582500.0,,,,
4239,Cà phê OB Mê Trang 500g,93000,gói,Co.op,ground_coffee,500.0,186000.0,,,,
4241,Cà phê chế phin số 5 Trung Nguyên 500g,279400,gói,Co.op,ground_coffee,500.0,558800.0,,,,
4242,Cà phê rang xay King Coffee Golden hộp 450g,392000,hộp,Co.op,ground_coffee,450.0,871111.1111111111,,,,
4245,Cà phê Highlands truyền thống gói 200g,83000,gói,Co.op,ground_coffee,200.0,415000.0,,,,
4251,Cà phê I Trung Nguyên khát vọng gói 500g,101000,gói,Co.op,ground_coffee,500.0,202000.0,,,,
4254,Cà phê rang xay K-BLACK gói 454g,214000,gói,Co.op,ground_coffee,454.0,471365.63876651984,,,,
4255,Cà phê Highlands culi 200g,107000,gói,Co.op,ground_coffee,200.0,535000.0,,,,
4256,Cà phê rang xay In.Blend King gói 500g,141500,gói,Co.op,ground_coffee,500.0,283000.0,,,,
4257,Cà Phê Trung Nguyên Sáng Tạo 1 Gói 340g,89700,gói,Co.op,ground_coffee,340.0,263823.5294117647,1.0,89700.0,,
4263,Cà Phê Trung Nguyên Gourmet Blend Hộp 500g,166300,hộp,Co.op,ground_coffee,500.0,332600.0,,,,
4267,Cà Phê Trung Nguyên Nâu gói 500g,128800,gói,Co.op,ground_coffee,500.0,257600.00000000003,,,,
4268,Cà Phê Sạch Mê Trang MC Số 1 Gói 500g,113500,gói,Co.op,ground_coffee,500.0,227000.0,1.0,113500.0,,
4271,Cà Phê Phin số 1 Trung Nguyên gói 500g,148400,gói,Co.op,ground_coffee,500.0,296800.0,,,,
4272,Cà Phê Trung Nguyên Sáng Tạo 2 Arabica Rob gói 340g,103800,gói,Co.op,ground_coffee,340.0,305294.11764705885,,,,
4273,Cà Phê Trung Nguyên Sáng Tạo 3 Gói 340g,124900,gói,Co.op,ground_coffee,340.0,367352.9411764706,3.0,41633.333333333336,,
4274,Cà phê xay Trung Nguyên chữ S gói 500g,84300,gói,Co.op,ground_coffee,500.0,168600.0,,,,
4275,Cà Phê Trung Nguyên Sáng Tạo 4 Gói 340g,142800,gói,Co.op,ground_coffee,340.0,420000.0,4.0,35700.0,,
4276,Cà Phê Trung Nguyên Sáng Tạo 5 Gói 340g,175000,gói,Co.op,ground_coffee,340.0,514705.8823529412,5.0,35000.0,,
4463,Nước tinh khiết Satori thùng 12×1.5L,119800,thùng,Co.op,water,,,,,18000.0,6655.555555555556
4464,Nước khoáng Lavie dịu nhẹ 24 x 500ml,106500,thùng,Co.op,water,,,24.0,4437.5,12000.0,8875.0
4465,Nước tinh khiết Aquafina chai 500ml thùng 24,118000,thùng,Co.op,water,,,,,12000.0,9833.333333333334
4466,Nước tinh khiết Aquafina chai 355ml thùng 24,111000,thùng,Co.op,water,,,,,8520.0,13028.169014084508
4471,Nước khoáng Lavie dịu nhẹ 500ml,4800,chai,Co.op,water,,,,,500.0,9600.0
4472,Nước khoáng Vĩnh Hảo chai 24 x 350ml,80000,thùng,Co.op,water,,,24.0,3333.3333333333335,8400.0,9523.809523809523
4473,Thùng nước khoáng Evian 24 x 500ml,744500,thùng,Co.op,water,,,24.0,31020.833333333332,12000.0,62041.666666666664
4474,Nước khoáng Vivant 24 x 500ml,111000,thùng,Co.op,water,,,24.0,4625.0,12000.0,9250.0
4477,Nước tinh khiết Satori 24 x 500ml,118000,thùng,Co.op,water,,,24.0,4916.666666666667,12000.0,9833.333333333334
4478,Nước tinh khiết Aquafina chai 355ml,4700,chai,Co.op,water,,,,,355.0,13239.43661971831
4479,Nước tinh khiết Aquafina chai 5L thùng 4,109600,thùng,Co.op,water,,,,,20000.0,5480.0
4480,Nước uống đóng chai TH True Water 1.5L,10700,chai,Co.op,water,,,,,1500.0,7133.333333333334
4482,Nước khoáng tự nhiên Evian Pháp 1.5L,70500,chai,Co.op,water,,,,,1500.0,47000.0
4483,Nước tinh khiết Miaqua 24x500ml,157000,thùng,Co.op,water,,,24.0,6541.666666666667,12000.0,13083.333333333334
4484,Nước tinh khiết Miaqua 500ml,7100,chai,Co.op,water,,,,,500.0,14200.0
4485,Nước khoáng thiên nhiên Evi 330ml,53600,chai,Co.op,water,,,,,330.0,162424.24242424243
4486,Nước khoáng tự nhiên Evian Pháp 500ml,32800,chai,Co.op,water,,,,,500.0,65600.0
4488,Nước tinh khiết Sapuwa 5L,22500,chai,Co.op,water,,,,,5000.0,4500.0
4489,Nước khoáng thiên nhiên Lavie 5L x 4,96000,thùng,Co.op,water,,,,,20000.0,4800.0
4490,Nước khoáng thiên nhiên Lavie bình 5L,25200,chai,Co.op,water,,,,,5000.0,5040.0
4492,Nước khoáng thiên nhiên Lavie thùng 24 x 500ml,110500,thùng,Co.op,water,,,24.0,4604.166666666667,12000.0,9208.333333333334
4493,Nước khoáng thiên nhiên Lavie thùng 24 x 350ml,102900,thùng,Co.op,water,,,24.0,4287.5,8400.0,12250.0
4494,Nước khoáng thiên nhiên Lavie chai 350ml,4600,chai,Co.op,water,,,,,350.0,13142.857142857143
4495,Nước khoáng Dasani 24x510ml,110000,thùng,Co.op,water,,,24.0,4583.333333333333,12240.0,8986.928104575163
4496,Nước khoáng Dasani 510ml,5000,chai,Co.op,water,,,,,510.0,9803.921568627451
4497,Nước tinh khiết Satori 1.5L,10600,chai,Co.op,water,,,,,1500.0,7066.666666666666
4500,Nước tinh khiết Aquafina chai 1.5L thùng 12,124600,thùng,Co.op,water,,,,,18000.0,6922.222222222223
4501,Nước tinh khiết Aquafina chai 1.5L,11000,chai,Co.op,water,,,,,1500.0,7333.333333333333
4502,Nước tinh khiết Dasani pet 24 x 510ml,105200,thùng,Co.op,water,,,24.0,4383.333333333333,12240.0,8594.771241830065
4503,Nước tinh khiết Dasani pet 510ml,4800,chai,Co.op,water,,,,,510.0,9411.764705882353
4504,Nước khoáng thiên nhiên Lavie 12 x700ml,108500,thùng,Co.op,water,,,12.0,9041.666666666666,8400.0,12916.666666666666
4505,Nước khoáng thiên nhiên Lavie 700ml,9500,chai,Co.op,water,,,,,700.0,13571.42857142857
4506,Nước khoáng Vikoda 24 x500ml,140800,thùng,Co.op,water,,,24.0,5866.666666666667,12000.0,11733.333333333332
4507,Nước khoáng Vikoda pet 500ml,6100,chai,Co.op,water,,,,,500.0,12200.0
4508,Nước khoáng thiên nhiên Lavie 500ml,4900,chai,Co.op,water,,,,,500.0,9800.0
4509,Nước khoáng thiên nhiên Lavie 12 x 500ml,56000,lốc,Co.op,water,,,12.0,4666.666666666667,6000.0,9333.333333333334
4510,Nước tinh khiết Aquafina chai 500ml,5000,chai,Co.op,water,,,,,500.0,10000.0
4511,Nước Tinh Khiết Aquafina 5L,27800,chai,Co.op,water,,,,,5000.0,5560.0
4512,Nước khoáng thiên nhiên Miocen 12 x 1L,115000,thùng,Co.op,water,,,12.0,9583.333333333334,12000.0,9583.333333333334
4513,Nước khoáng thiên nhiên Miocen 1L,10500,chai,Co.op,water,,,,,1000.0,10500.0
4516,Nước khoáng thiên nhiên Lavie 1.5L,9600,chai,Co.op,water,,,,,1500.0,6400.0
4517,Nước khoáng thiên nhiên Lavie thùng 12 chai x 1.5L,109000,thùng,Co.op,water,,,,,18000.0,6055.555555555556
4518,Nước uống đóng chai Coop Select chai 330ml,3200,chai,Co.op,water,,,,,330.0,9696.969696969698
4519,Nước uống đóng chai Coop Select thùng 24x330ml,73500,thùng,Co.op,water,,,24.0,3062.5,7920.0,9280.303030303032
4520,Nước uống đóng chai Coop Select 500ml,4000,chai,Co.op,water,,,,,500.0,8000.0
4521,Nước uống đóng chai Coop Select thùng 24 x 500ml,90500,thùng,Co.op,water,,,24.0,3770.8333333333335,12000.0,7541.666666666667
4522,Nước tinh khiết Sapuwa chai 330ml,3600,chai,Co.op,water,,,,,330.0,10909.090909090908
4523,Nước tinh khiết Sapuwa chai 500ml,4200,chai,Co.op,water,,,,,500.0,8400.0
4524,Nước tinh khiết Dasani lốc 6 chai x 1.5L,53300,lốc,Co.op,water,,,,,9000.0,5922.222222222223
4525,Nước tinh khiết Dasani chai 1.5L,9400,chai,Co.op,water,,,,,1500.0,6266.666666666667
4527,Nước khoáng Vĩnh Hảo có ga thùng 24 chai x 500ml,152000,thùng,Co.op,water,,,,,12000.0,12666.666666666666
4528,Nước khoáng Lavie Premium chai 400ml,9300,chai,Co.op,water,,,,,400.0,23250.0
4530,Nước khoáng Lavie Sport thùng 12 chaix750ml,102000,thùng,Co.op,water,,,,,9000.0,11333.333333333334
4531,Nước khoáng Lavie Sport chai 750ml,9200,chai,Co.op,water,,,,,750.0,12266.666666666668
4532,Nước khoáng Vĩnh Hảo chai 500ml,4000,chai,Co.op,water,,,,,500.0,8000.0
4534,Nước khoáng Vĩnh Hảo 1.5L,8200,chai,Co.op,water,,,,,1500.0,5466.666666666667
4536,Nước khoáng Vivant chai 500ml,4900,chai,Co.op,water,,,,,500.0,9800.0
4537,Nước tinh khiết Satori chai 500ml,5300,chai,Co.op,water,,,,,500.0,10600.0
4538,Nước khoáng Vĩnh Hảo chai 350ml,3500,chai,Co.op,water,,,,,350.0,10000.0
4539,Nước khoáng Vĩnh Hảo có ga chai 500ml,6600,chai,Co.op,water,,,,,500.0,13200.0
4540,Nước uống đóng chai TH True Water 24x500ml,113500,thùng,Co.op,water,,,24.0,4729.166666666667,12000.0,9458.333333333334
4541,Nước uống đóng chai TH True Water 500ml,5100,chai,Co.op,water,,,,,500.0,10200.0
4776,Trà xanh hương sâm dứa Coop Select 200g,28900,túi,Co.op,green_tea,200.0,144500.0,,,,
4777,Trà xanh hương lài Coop Select 200g,28900,túi,Co.op,green_tea,200.0,144500.0,,,,
4779,Trà Thái Nguyên Ngọc Ninh 120g,73000,hộp,Co.op,green_tea,120.0,608333.3333333334,,,,
4780,Trà Ô olong Hạnh Dung hộp 20 x 10g,185500,hộp,Co.op,green_tea,200.0,927500.0,20.0,9275.0,,
4781,Trà Ô long hộp bát giác Đại Gia 100g,103200,hộp,Co.op,green_tea,100.0,1032000.0,,,,
4782,Trà xanh Thái Nguyên thượng hạng hộp 300g,247000,hộp,Co.op,green_tea,300.0,823333.3333333334,,,,
4783,Trà Ô Long thượng hạng hộp bác giác 150g,152000,hộp,Co.op,green_tea,150.0,1013333.3333333334,,,,
4794,Trà lài lon đỏ 35N SGC 80g,58000,hộp,Co.op,green_tea,80.0,725000.0,,,,
4797,Trà túi lọc Cozy green tea 25 x 2g – CX,34800,hộp,Co.op,green_tea,50.0,696000.0,25.0,1392.0,,
4800,Trà xanh lon giấy cao cấp Phúc Long 100g,54500,lon,Co.op,green_tea,100.0,545000.0,,,,
4801,Trà lài lon cao cấp Phúc Long 100g,69500,lon,Co.op,green_tea,100.0,695000.0,,,,
4802,Trà xanh cao cấp Ngọc Ninh 200g,59500,gói,Co.op,green_tea,200.0,297500.0,,,,
4810,Trà ô long Trâm Anh 100g,85000,bịch,Co.op,green_tea,100.0,850000.0,,,,
4813,Trà Twinings English Breakfast 100g,182000,hộp,Co.op,black_tea,100.0,1820000.0,,,,
4822,Trà túi lọc Cozy bạc hà hộp giấy 25 gói x 2g – CX,40300,hộp,Co.op,black_tea,50.0,806000.0,25.0,1612.0,,
4824,Trà xanh Sâm Ngọc Linh hộp giấy 20 x 2g,283000,hộp,Co.op,green_tea,40.0,7075000.0,20.0,14150.0,,
4826,Trà xanh Thái Nguyên thượng hạng Đại Gia 100g,55000,gói,Co.op,green_tea,100.0,550000.0,,,,
4839,Trà Olong Coop Select gói 200g,79900,gói,Co.op,green_tea,200.0,399500.0,,,,
4840,Trà Ô long Coop Select gói 100g,44900,gói,Co.op,green_tea,100.0,449000.0,,,,
4842,Trà Ô long Coop Select lon 150g,78500,hộp,Co.op,green_tea,150.0,523333.3333333334,,,,
4849,Trà xanh Thái Nguyên cao cấp Đại Gia 200g,79200,gói,Co.op,green_tea,200.0,396000.0,,,,
4852,Trà Tân Cương móc câu Đại Gia 100g,75200,gói,Co.op,green_tea,100.0,752000.0,,,,
4853,Trà xanh Thái Nguyên đặc sản Đại Gia 500g,155500,gói,Co.op,green_tea,500.0,311000.0,,,,
4855,Trà xanh Thái Nguyên đặc sản Đại Gia 100g,31500,gói,Co.op,green_tea,100.0,315000.0,,,,
4863,Trà lài Tâm Châu gói 100g,13100,gói,Co.op,green_tea,100.0,131000.0,,,,
4864,Trà Olong túi lọc Phúc Long 25 gói x 2g,36800,hộp,Co.op,green_tea,50.0,736000.0,25.0,1472.0,,
4865,Trà túi lọc Twinings Lady Grey 25x2g – CX – F,159000,hộp,Co.op,black_tea,50.0,3180000.0,25.0,6360.0,,
4867,Trà túi lọc Twinings English Breakfast 50g – F,145000,hộp,Co.op,black_tea,50.0,2900000.0,,,,
4868,Trà Ô Long Tâm Châu bao nhôm gói 250g,194000,gói,Co.op,green_tea,250.0,776000.0,,,,
4870,Trà xanh hoa sen Phúc Long hộp 25x2g,35200,hộp,Co.op,green_tea,50.0,704000.0,25.0,1408.0,,
4872,Trà xanh móc câu Tâm Châu lon giấy 100g,73000,hộp,Co.op,green_tea,100.0,730000.0,,,,
4874,Trà Olong Tâm Châu lon giấy xanh 100g,118000,hộp,Co.op,green_tea,100.0,1180000.0,,,,
4875,Trà Olong Đại Gia hộp 100g,74500,hộp,Co.op,green_tea,100.0,745000.0,,,,
4876,Trà Tân Cương móc câu Đại gia hộp 100g,135000,hộp,Co.op,green_tea,100.0,1350000.0,,,,
4878,Trà xanh thái nguyên gói 200g,40600,gói,Co.op,green_tea,200.0,203000.0,,,,
4881,Trà đen túi lọc Coop Select hộp giấy 25x2g,31500,hộp,Co.op,black_tea,50.0,630000.0,25.0,1260.0,,
4882,Trà Shan tuyết hoa lài Coop Finest hộp giấy 100g,88000,hộp,Co.op,green_tea,100.0,880000.0,,,,
4888,Trà O long Cầu Tre hộp giấy 25 túi x2g,32000,hộp,Co.op,green_tea,50.0,640000.0,25.0,1280.0,,
4890,Trà Thái Nguyên Ngọc Ninh gói 100g,31000,gói,Co.op,green_tea,100.0,310000.0,,,,
4891,Trà Thái Nguyên Ngọc Ninh gói 200g,59500,gói,Co.op,green_tea,200.0,297500.0,,,,
4895,Trà Lipton vàng hộp 50 gói x 2g,70000,hộp,Co.op,black_tea,100.0,700000.0,50.0,1400.0,,
4896,Trà Lipton nhãn vàng hộp 25 gói x 2g,41500,hộp,Co.op,black_tea,50.0,830000.0,25.0,1660.0,,
4897,Trà xanh Thái Nguyên Phúc Long 200g,58200,gói,Co.op,green_tea,200.0,291000.0,,,,
4899,Trà hương dâu túi lọc Coop Select 50g,32300,hộp,Co.op,black_tea,50.0,646000.0,,,,
4900,Trà hương Bạc hà túi lọc Coop Select 2g x 25gói (50g),32300,hộp,Co.op,black_tea,50.0,646000.0,25.0,1292.0,,
4901,Trà xanh đầu nguồn Coop Finest hộp 100g,71900,hộp,Co.op,green_tea,100.0,719000.0,,,,
4902,Trà xanh hoa lài túi lọc Coop Select 25x2g,28800,hộp,Co.op,green_tea,50.0,576000.0,25.0,1152.0,,
4903,Trà xanh thái nguyên Coop Select lon 150g,38900,lon,Co.op,green_tea,150.0,259333.3333333333,,,,
4911,Trà Dilmah dâu hộp giấy 20 gói x 1.5g,49000,hộp,Co.op,black_tea,30.0,1633333.3333333333,20.0,2450.0,,
4912,Trà Dilmah đào hộp giấy 20 gói x 1.5g,49000,hộp,Co.op,black_tea,30.0,1633333.3333333333,20.0,2450.0,,
4913,Trà Dilmah bạc hà hộp giấy 20 gói x 1.5g,49000,hộp,Co.op,black_tea,30.0,1633333.3333333333,20.0,2450.0,,
4914,Trà Lài Thái Nguyên Coop Select lon 150g,39900,hộp,Co.op,green_tea,150.0,266000.0,,,,
4916,Trà xanh Thái Nguyên Coop Select gói 100g,18900,gói,Co.op,green_tea,100.0,189000.0,,,,
4918,Trà Lài Thái Nguyên Phúc Long gói 100g,38000,gói,Co.op,green_tea,100.0,380000.0,,,,
4919,Trà Ô Long Tâm Châu Gói 100g,83000,gói,Co.op,green_tea,100.0,830000.0,,,,
4920,Trà Lài Thái Nguyên Coop Select 100g,19500,gói,Co.op,green_tea,100.0,195000.0,,,,
4921,Trà Thái Nguyên Đặc Biệt 100g,35400,gói,Co.op,green_tea,100.0,354000.0,,,,
4922,Trà Xanh Thái Nguyên Đặc Biệt Ngọc Ninh gói 150g,50500,gói,Co.op,green_tea,150.0,336666.6666666667,,,,
4923,Trà Xanh Phúc Long Túi Lọc 25 hộp 50g,32100,hộp,Co.op,green_tea,50.0,642000.0,,,,
4924,Trà Sen Thái Nguyên Phúc Long Gói 100g,40800,gói,Co.op,green_tea,100.0,408000.0,,,,
5036,Trà đào túi lọc Coop Select 50g,32300,hộp,Co.op,black_tea,50.0,646000.0,,,,
5037,Trà việt quất túi lọc Coop Select 2g x 25gói (50g),32300,hộp,Co.op,black_tea,50.0,646000.0,25.0,1292.0,,
5052,Dầu đậu nành Meizan 2L,119800,chai,Co.op,soybean_oil,,,,,2000.0,59900.0
5053,Dầu đậu nành Vạn Thọ 2L,129000,chai,Co.op,soybean_oil,,,,,2000.0,64500.0
5054,Dầu đậu nành Vạn Thọ 1L,64500,chai,Co.op,soybean_oil,,,,,1000.0,64500.0
5056,Dầu đậu nành Simply 5L,320000,chai,Co.op,soybean_oil,,,,,5000.0,64000.0
5058,Dầu đậu nành Coba 2L,112000,chai,Co.op,soybean_oil,,,,,2000.0,56000.0
5059,Dầu đậu nành Coba 1L,56000,chai,Co.op,soybean_oil,,,,,1000.0,56000.0
5061,Dầu đậu nành Tường An 1L,65300,chai,Co.op,soybean_oil,,,,,1000.0,65300.0
5066,Dầu đậu nành Janbee 5L,314200,chai,Co.op,soybean_oil,,,,,5000.0,62840.0
5067,Dầu đậu nành Janbee 1L,66300,chai,Co.op,soybean_oil,,,,,1000.0,66300.0
5068,Dầu đậu nành Simply 400ml,28200,chai,Co.op,soybean_oil,,,,,400.0,70500.0
5070,Dầu đậu nành Meizan 5L,295000,chai,Co.op,soybean_oil,,,,,5000.0,59000.0
5071,Dầu đậu nành Meizan chai 1L,59900,chai,Co.op,soybean_oil,,,,,1000.0,59900.0
5072,Dầu đậu nành Simply 1L,65400,chai,Co.op,soybean_oil,,,,,1000.0,65400.00000000001
5073,Dầu đậu nành Tường An bình 2L,131000,chai,Co.op,soybean_oil,,,,,2000.0,65500.0
5077,Dầu đậu nành Tường An Marvela 1L,64900,chai,Co.op,soybean_oil,,,,,1000.0,64900.00000000001
5079,Dầu đậu nành Simply 2L,131000,chai,Co.op,soybean_oil,,,,,2000.0,65500.0
5080,Dầu đậu nành Tường An 5L,319000,cái,Co.op,soybean_oil,,,,,5000.0,63800.0
5081,Dầu nành Coop Select 5L,309000,chai,Co.op,soybean_oil,,,,,5000.0,61800.0
5082,Dầu nành Coop Select 1L,63800,chai,Co.op,soybean_oil,,,,,1000.0,63800.0
5083,Dầu nành Coop Select 2L,125000,chai,Co.op,soybean_oil,,,,,2000.0,62500.0
5114,Dầu ăn Simply hướng dương 2L,165000,chai,Co.op,sunflower_oil,,,,,2000.0,82500.0
5125,Dầu ăn Tường An hướng dương chai 1L,82500,chai,Co.op,sunflower_oil,,,,,1000.0,82500.0
5138,Dầu ăn Simply hướng dương 1L,82500,chai,Co.op,sunflower_oil,,,,,1000.0,82500.0
5139,Dầu hướng dương Meizan 1L,75600,chai,Co.op,sunflower_oil,,,,,1000.0,75600.0
5440,Gạo Neptune ST25 Gold 35SGC – 7kg,282000,bịch,Co.op,rice,7000.0,40285.71428571428,,,,
5441,Gạo thơm thượng hạng Neptune nhãn vàng 5kg,198900,bịch,Co.op,rice,5000.0,39780.0,,,,
5442,Gạo thơm mùa vàng ST 25 Coop Finest 5 kg,179000,túi,Co.op,rice,5000.0,35800.0,,,,
5444,Gạo tấm thơm Hom mali Na Siam 2kg,58500,bịch,Co.op,rice,2000.0,29250.0,,,,
5445,Gạo sinh thái Cà Mau ST25 VG 5kg,256500,bịch,Co.op,rice,5000.0,51300.0,,,,
5446,Gạo ST25 lúa tôm sinh thái Coop Finest 5kg,239000,bịch,Co.op,rice,5000.0,47800.0,,,,
5449,Gạo lài sữa Đồng Việt 5kg,111500,bịch,Co.op,rice,5000.0,22300.0,,,,
5450,Gạo Jasmine Coop Select 5kg – KG,136000,bịch,Co.op,rice,5000.0,27200.0,,,,
5452,Gạo thơm ST 25 thượng hạng Đồng Việt 5kg,194500,bịch,Co.op,rice,5000.0,38900.0,,,,
5455,Gạo thơm thượng hạng Nàng Sen Phú Quý 4kg – CX – F,168000,bịch,Co.op,rice,4000.0,42000.0,,,,
5456,Gạo thơm Cát tường ST25 lúa tôm 5kg,189800,túi,Co.op,rice,5000.0,37960.0,,,,
5457,Gạo ST25 hữu cơ Kim Thiên Lộc 5kg,205000,túi,Co.op,rice,5000.0,41000.0,,,,
5460,Gạo giống Nhật Coop Select 5 kg – King Green,159500,bịch,Co.op,rice,5000.0,31900.0,,,,
5461,Gạo Nàng Hoa Coop Select 5 kg – King Green,137500,bịch,Co.op,rice,5000.0,27500.0,,,,
5462,Gạo tấm thơm 1kg,26000,bịch,Co.op,rice,1000.0,26000.0,,,,
5463,Gạo ST24 Ocop Kim Thiên Lộc 5kg,177000,túi,Co.op,rice,5000.0,35400.0,,,,
5464,Gạo Jasmine Coop Select 7kg,191000,bịch,Co.op,rice,7000.0,27285.714285714286,,,,
5467,Gạo Nàng Sen Tài Lộc túi 4 kg – F,168000,bịch,Co.op,rice,4000.0,42000.0,,,,
5470,Gạo thơm ST25 lúa tôm Coop Finest 5kg,230000,túi,Co.op,rice,5000.0,46000.0,,,,
5471,Gạo thơm ST25 lúa tôm Coop Finest 3 kg,135000,bịch,Co.op,rice,3000.0,45000.0,,,,
5472,Gạo ngon Cỏ May túi 5kg,113200,bịch,Co.op,rice,5000.0,22640.0,,,,
5473,Gạo thơm Neptune ST24 túi 5kg,199900,gói,Co.op,rice,5000.0,39980.0,24.0,8329.166666666666,,
5474,Gạo Nàng Hương Ocop Kim Thiên Lộc 5kg,176500,bịch,Co.op,rice,5000.0,35300.0,,,,
5475,Gạo thơm đặc sản ST25 Neptune 5kg,228000,bịch,Co.op,rice,5000.0,45600.0,,,,
5476,Gạo ST25 Thiên Bình Home Rice 5kg – CX,190000,bịch,Co.op,rice,5000.0,38000.0,,,,
5478,Gạo OM 18 Coop Select 5 kg,105000,bịch,Co.op,rice,5000.0,21000.0,,,,
5479,Gạo thơm ST25 Coop Finest 7 kg,309000,bịch,Co.op,rice,7000.0,44142.857142857145,,,,
5480,Gạo Thơm Đài loan 5kg,142500,bịch,Co.op,rice,5000.0,28500.0,,,,
5481,Gạo Hạt Ngọc Trời Thiên Long bịch 5Kg,138500,bịch,Co.op,rice,5000.0,27700.0,,,,
5482,Gạo Hạt Ngọc Trời Bạch Dương bịch 5Kg,147900,bịch,Co.op,rice,5000.0,29580.0,,,,
5483,Gạo trắng nở xốp Coop Happy 5kg,92500,gói,Co.op,rice,5000.0,18500.0,,,,
5486,Gạo thơm làng ta Vua Gạo 5kg,125600,bịch,Co.op,rice,5000.0,25120.0,,,,
5487,Gạo thơm đậm đà Vua Gạo 5kg,176000,bịch,Co.op,rice,5000.0,35200.0,,,,
5489,Gạo Nhật Sushi Rice cao cấp 5kg,201500,bịch,Co.op,rice,5000.0,40300.0,,,,
5490,Gạo thơm Cát Tường ST24 lúa tôm 5kg,172900,bịch,Co.op,rice,5000.0,34580.0,,,,
5491,Gạo thơm Jasmine Tấn Vương 5kg,100000,bịch,Co.op,rice,5000.0,20000.0,,,,
5492,Gạo thơm bắc đẩu Hạt Ngọc Trời 5kg,161900,bịch,Co.op,rice,5000.0,32380.000000000004,,,,
5493,Gạo thơm ST24 Coop Finest 7kg,252000,bịch,Co.op,rice,7000.0,36000.0,,,,
5494,Gạo Đài thơm 8 Coop Select 5 kg,129000,bịch,Co.op,rice,5000.0,25800.0,,,,
5495,Gạo thơm ST 21 Coop Select 5 kg,137000,bịch,Co.op,rice,5000.0,27400.0,,,,
5496,Gạo trắng xốp mềm Coop Happy 5kg,92500,bịch,Co.op,rice,5000.0,18500.0,,,,
5497,Gạo thơm lài 5kg,125500,gói,Co.op,rice,5000.0,25100.0,,,,
5498,Gạo thơm ST25 thượng hạng Coop Finest 2kg,92000,bịch,Co.op,rice,2000.0,46000.0,,,,
5499,Gạo thơm ST25 thượng hạng Coop Finest 5kg,225000,bịch,Co.op,rice,5000.0,45000.0,,,,
5500,Gạo Nhật Fuji Sakura bịch 5kg,207500,gói,Co.op,rice,5000.0,41500.0,,,,
5501,Gạo Japonica Neptune bịch 5kg,160900,gói,Co.op,rice,5000.0,32180.0,,,,
5503,Gạo Cỏ May Long Châu 66 5kg,211200,gói,Co.op,rice,5000.0,42240.0,,,,
5505,Gạo Hommali Na Siam thơm 5kg,248500,bịch,Co.op,rice,5000.0,49700.0,,,,
5506,Gạo Cỏ May Hiểu về trái tim túi 5kg,169000,bịch,Co.op,rice,5000.0,33800.0,,,,
5507,Gạo thơm lài Lotus Rice Jasmine túi 2kg – CX – F,53500,bịch,Co.op,rice,2000.0,26750.0,,,,
5508,Gạo hữu cơ Sakura ECOBA Organic 1kg,105600,hộp,Co.op,rice,1000.0,105600.0,,,,
5509,Gạo hữu cơ ngọc mễ ECOBA Organic 1kg – CX – F,99000,hộp,Co.op,rice,1000.0,99000.0,,,,
5510,Gạo Hương Lài Thiên Kim túi 5kg,100000,bịch,Co.op,rice,5000.0,20000.0,,,,
5511,Gạo Thiên Kim Tây Đô túi 5kg,92500,bịch,Co.op,rice,5000.0,18500.0,,,,
5512,Gạo trắng hạt dài 5% Tấn Vương 5kg,92500,bịch,Co.op,rice,5000.0,18500.0,,,,
5513,Gạo Hạt Ngọc Trời Tiên Nữ bịch 5Kg,188500,bịch,Co.op,rice,5000.0,37700.0,,,,
5514,Gạo Tài Nguyên 5kg,138800,bịch,Co.op,rice,5000.0,27760.0,,,,
5515,Gạo Jasmine XH 5kg,124500,bịch,Co.op,rice,5000.0,24900.0,,,,
5516,Gạo Pathumthani Na Siam Thơm Bịch 5Kg,205500,bịch,Co.op,rice,5000.0,41100.0,,,,
5546,Đường mía nguyên chất Coop Select 1kg,33900,gói,Co.op,sugar,1000.0,33900.0,,,,
5551,Đường mía thượng hạng Biên Hòa 1kg,31000,bịch,Co.op,sugar,1000.0,31000.0,,,,
5552,Đường tinh luyện Biên Hòa hủ 800g,39200,hộp,Co.op,sugar,800.0,49000.0,,,,
5553,Đường mía cao cấp Biên Hòa 1kg,29900,bịch,Co.op,sugar,1000.0,29900.0,,,,
5554,Đường tinh luyện Biên Hòa 1kg,28000,bịch,Co.op,sugar,1000.0,28000.0,,,,
5560,Đường tinh luyện Biên Hòa 500g,16200,bịch,Co.op,sugar,500.0,32400.0,,,,
5563,Đường mía thượng hạng Biên Hòa 500g,17200,bịch,Co.op,sugar,500.0,34400.0,,,,
5565,Đường tinh luyện Quảng Ngãi 1 kg,30000,bịch,Co.op,sugar,1000.0,30000.0,,,,
5566,Đường kính trắng An Khê Ocop 1 kg,26500,bịch,Co.op,sugar,1000.0,26500.0,,,,
5567,Đường mía thiên nhiên Biên Hòa 1kg,35600,bịch,Co.op,sugar,1000.0,35600.0,,,,
5568,Đường mía khoáng chất Biên Hòa 1kg,35000,bịch,Co.op,sugar,1000.0,35000.0,,,,
5570,Đường mía cao cấp Biên Hòa 500g,16400,bịch,Co.op,sugar,500.0,32800.0,,,,
5573,Đường mía lỏng Biên Hòa 400ml,17500,chai,Co.op,sugar,,,,,400.0,43750.0
5583,Đường kính trắng RS Coop Happy 2kg – BH,52000,bịch,Co.op,sugar,2000.0,26000.0,,,,
5584,Đường tinh luyện RE Coop Select 1kg TP,29400,bịch,Co.op,sugar,1000.0,29400.0,,,,
5587,Đường tinh luyện RE Coop Select 500g,15500,bịch,Co.op,sugar,500.0,31000.0,,,,
5592,Đường trắng đồn điền TH 1kg,28500,gói,Co.op,sugar,1000.0,28500.0,,,,
5895,Muối biển tinh sấy i – ốt Coop Select 500g,3400,bịch,Co.op,salt,500.0,6800.0,,,,
5897,Muối tinh sạch cao cấp Ông Chà Và 1kg,9500,gói,Co.op,salt,1000.0,9500.0,,,,
5900,Muối Iot sấy Bạc Liêu 900g,7300,túi,Co.op,salt,900.0,8111.11111111111,,,,
5907,Muối iot Bạc Liêu 1kg,5700,bịch,Co.op,salt,1000.0,5700.0,,,,
5908,Muối tinh Iot Bình Định 500g,6700,bịch,Co.op,salt,500.0,13400.0,,,,
5909,Muối Iot Visachef 1kg,12200,bịch,Co.op,salt,1000.0,12200.0,,,,
5910,Muối biển cao cấp Visachef 1kg,12200,bịch,Co.op,salt,1000.0,12200.0,,,,
5914,Muối tinh sấy I – ot tím 500g,3500,bịch,Co.op,salt,500.0,7000.0,,,,
5916,Muối biển Coop Select tinh sấy 1kg,6300,bịch,Co.op,salt,1000.0,6300.0,,,,
5919,Muối tinh Bạc Liêu 500g,4100,bịch,Co.op,salt,500.0,8200.0,,,,
5920,Muối ăn sạch Visalco 250g,3300,gói,Co.op,salt,250.0,13200.0,,,,
5921,Muối biển mặt trời Visalco 950g,8100,gói,Co.op,salt,950.0,8526.315789473685,,,,
5922,Muối sạch Visalco 500g,5600,gói,Co.op,salt,500.0,11200.0,,,,
5930,Muối biển tinh chế iot Coop Select 1kg,7200,bịch,Co.op,salt,1000.0,7200.0,,,,
5931,Muối tinh sấy iot tím 1kg,6800,gói,Co.op,salt,1000.0,6800.0,,,,
5935,Muối biển hột Coop Select 1kg,7300,gói,Co.op,salt,1000.0,7300.0,,,,
5939,Muối biển Cà Ná Coop Select 1kg,11900,chai,Co.op,salt,1000.0,11900.0,,,,
5940,Muối biển tinh sấy Iốt Coop Select 1kg,6500,gói,Co.op,salt,1000.0,6500.0,,,,
6209,Bún gạo khô WAIWAI 500g (10x50g),46500,bịch,Co.op,rice_noodles,500.0,93000.0,10.0,4650.0,,
6210,Mì spaghetti Pietro Coricelli 500g – KM,53500,gói,Co.op,spaghetti,500.0,107000.0,,,,
6211,Bún bò huế Minh Hảo 400g – KM,23500,gói,Co.op,rice_noodles,400.0,58750.0,,,,
6214,Bún tươi sấy Nuffam 400g,27500,bịch,Co.op,rice_noodles,400.0,68750.0,,,,
6221,Bún gạo Nàng Hương Bình Tây – 300g,19000,bịch,Co.op,rice_noodles,300.0,63333.333333333336,,,,
6225,Bún gạo xào Sa Đéc Sa Giang 400g,23200,bịch,Co.op,rice_noodles,400.0,58000.0,,,,
6227,Bún tươi Safaco 300g,21500,bịch,Co.op,rice_noodles,300.0,71666.66666666667,,,,
6228,Mì ý Spaghetti Panzani 400g,43400,bịch,Co.op,spaghetti,400.0,108500.0,,,,
6236,Mì Angel Hair San Remo N9 500g – CX – F,41300,bịch,Co.op,spaghetti,500.0,82600.0,,,,
6255,Bún khô Safoco 400g,28800,gói,Co.op,rice_noodles,400.0,72000.0,,,,
6262,Phở khô Hùng Lô Thiên Nhiên Xanh 500g – MB,35200,gói,Co.op,rice_noodles,500.0,70400.0,,,,
6266,Mì spaghetti San Remo số 5 gói 500g,40900,gói,Co.op,spaghetti,500.0,81800.0,5.0,8180.0,,
6286,Mì Spaghetti N5 Olivoila 500g,53500,hộp,Co.op,spaghetti,500.0,107000.0,,,,
6296,Bún khô wai wai 500g,46500,gói,Co.op,rice_noodles,500.0,93000.0,,,,
6297,Bún tươi Mikiri sợi lớn 400g,27500,gói,Co.op,rice_noodles,400.0,68750.0,,,,
6310,Bún gạo Coop Select 300g,14500,gói,Co.op,rice_noodles,300.0,48333.333333333336,,,,
6311,Bún khô Coop Select 250g,12700,gói,Co.op,rice_noodles,250.0,50800.0,,,,
6312,Bún khô Coop Select 400g,19900,gói,Co.op,rice_noodles,400.0,49750.0,,,,
6316,Mì Bucatini PASTA ZARA s7 500g,53000,gói,Co.op,spaghetti,500.0,106000.0,,,,
6322,Mì Spaghetti Barilla N5 500g,71300,hộp,Co.op,spaghetti,500.0,142600.0,,,,
6323,Mì Spaghetti Barilla N1 500g,72600,hộp,Co.op,spaghetti,500.0,145200.0,,,,
6329,Bún gạo Coop Select 500g,21500,gói,Co.op,rice_noodles,500.0,43000.0,,,,
6332,Mì spaghetti Golden Farm 500g,39000,gói,Co.op,spaghetti,500.0,78000.0,,,,
6386,Nước mắm Phú Quốc Phú Nhĩ Sasco truyền thống 40N 500ml,111000,chai,Co.op,fish_sauce,,,,,500.0,222000.0
6387,Nước mắm Việt Nhi cốt nhĩ 35% 500ml,52800,chai,Co.op,fish_sauce,,,,,500.0,105600.0
6391,Nước mắm Làng Chài Xưa nhãn vàng 40N 500ml – F,96700,chai,Co.op,fish_sauce,,,,,500.0,193400.0
6392,Nước mắm Ngư Phát pet 750ml,56200,chai,Co.op,fish_sauce,,,,,750.0,74933.33333333334
6393,Nước mắm Tường An thủy tinh 32N 500ml,76500,chai,Co.op,fish_sauce,,,,,500.0,153000.0
6394,Nước mắm Liên Thành Nhất Vị thủy tinh 500ml,45400,chai,Co.op,fish_sauce,,,,,500.0,90800.0
6396,Nước mắm Phú Quốc Thanh Quốc Ocop 35N chai thủy tinh 520ml,83500,chai,Co.op,fish_sauce,,,,,520.0,160576.92307692306
6397,Nước mắm cá cơm 3 Miền 10N – 900ml,28800,chai,Co.op,fish_sauce,,,,,900.0,32000.0
6398,Nước mắm Phú Quốc Thanh Quốc Ocop 40 độ đạm chai thủy tinh 6x60ml,94200,hộp,Co.op,fish_sauce,,,6.0,15700.0,360.0,261666.6666666667
6401,Nước mắm Cholimex 30N thủy tinh 500ml,47500,chai,Co.op,fish_sauce,,,,,500.0,95000.0
6402,Nước mắm Barona Đại Nhất 750ml,42500,chai,Co.op,fish_sauce,,,,,750.0,56666.666666666664
6404,Nước mắm Cholimex 40N thủy tinh 500ml,63000,chai,Co.op,fish_sauce,,,,,500.0,126000.0
6405,Nước mắm 584 Nha Trang thủy tinh 40N – 510ml,91000,chai,Co.op,fish_sauce,,,,,510.0,178431.3725490196
6406,Nước mắm cao cấp Liên Thành nhãn bạc chai thủy tinh 40 độ đạm 600ml,73800,chai,Co.op,fish_sauce,,,,,600.0,123000.0
6407,Nước mắm Chinsu ngon hảo hạng 40N – 500ml,103000,chai,Co.op,fish_sauce,,,,,500.0,206000.0
6408,Nước mắm Chinsu Biển Đông thủy tinh >25N – 720ml,61500,chai,Co.op,fish_sauce,,,,,720.0,85416.66666666667
6409,Nước mắm Liên Thành 120g/l 1.8L,103000,chai,Co.op,fish_sauce,120.0,858333.3333333334,,,1800.0,57222.22222222222
6410,Nước mắm cá cơm Liên Thành 30 độ đạm 4L,287400,chai,Co.op,fish_sauce,,,,,4000.0,71850.0
6411,Nước mắm Knorr chai 500ml,39200,chai,Co.op,fish_sauce,,,,,500.0,78400.0
6412,Nước mắm cao cấp Liên Thành thủy tinh 40N 150ml,32400,chai,Co.op,fish_sauce,,,,,150.0,216000.0
6413,Nước mắm nhĩ Coop Select 25N chai 1L,57000,chai,Co.op,fish_sauce,,,,,1000.0,57000.0
6414,Nước mắm nhĩ Coop Select 25N thủy tinh 500ml,43200,chai,Co.op,fish_sauce,,,,,500.0,86400.0
6418,Nước mắm Hương Việt 20N chai pet 750ml,41800,chai,Co.op,fish_sauce,,,,,750.0,55733.333333333336
6419,Nước mắm Hòa Hiệp 17N chai pet 750ml,40500,chai,Co.op,fish_sauce,,,,,750.0,54000.0
6422,Nước mắm Phú Quốc Thanh Quốc Ocop 40N thủy tinh 520ml,96500,chai,Co.op,fish_sauce,,,,,520.0,185576.92307692306
6423,Nước mắm 584 Nha Trang chai 25N – 2 L,104900,chai,Co.op,fish_sauce,,,,,2000.0,52450.0
6424,Nước mắm nhĩ 584 Nha Trang thủy tinh 30N – 500ml,54900,chai,Co.op,fish_sauce,,,,,500.0,109800.0
6428,Nước mắm 584 Nha Trang 25N – 1L,54900,chai,Co.op,fish_sauce,,,,,1000.0,54900.0
6429,Nước mắm Hồng Hạnh chai 35N 900ml,94500,chai,Co.op,fish_sauce,,,,,900.0,105000.0
6430,Nước mắm Hồng Hạnh cao đạm 20N chai 4.9L,175600,chai,Co.op,fish_sauce,,,,,4900.0,35836.73469387755
6431,Nước mắm lú Coop Select 32 độ đạm thủy tinh 500ml,69900,chai,Co.op,fish_sauce,,,,,500.0,139800.0
6432,Nước mắm cốt đặc biệt Lê Gia Ocop 525ml,106500,chai,Co.op,fish_sauce,,,,,525.0,202857.14285714287
6433,Nước mắm Chinsu cá hồi thủy tinh 20g/l 500ml,51800,chai,Co.op,fish_sauce,20.0,2590000.0,,,500.0,103600.0
6434,Nước mắm Liên Thành pet 60g/l 900ml,35300,chai,Co.op,fish_sauce,60.0,588333.3333333334,,,900.0,39222.22222222222
6435,Nước mắm Knorr ngon tròn vị 15 độ đạm 750ml,55300,chai,Co.op,fish_sauce,,,,,750.0,73733.33333333333
6436,Nước mắm Hồng Hạnh siêu Hạng 35N thủy tinh 500ml,66300,chai,Co.op,fish_sauce,,,,,500.0,132600.0
6438,Nước mắm truyền thống Bảy Hồng Hạnh 20N 1.9L,87800,chai,Co.op,fish_sauce,,,,,1900.0,46210.52631578947
6439,Nước mắm truyền thống cá cơm 30N 500ml,52800,chai,Co.op,fish_sauce,,,,,500.0,105600.0
6440,Nước mắm cốt nhĩ đặc biệt Hồng Hạnh 40 độ 500ml,91900,chai,Co.op,fish_sauce,,,,,500.0,183800.0
6441,Nước mắm siêu hạng Hồng Hạnh 35 độ đạm chai 1.9L,172300,chai,Co.op,fish_sauce,,,,,1900.0,90684.2105263158
6442,Nước mắm cá cơm than Thuận Phát chai 490ml,32500,chai,Co.op,fish_sauce,,,,,490.0,66326.5306122449
6443,Nước mắm Thuận Phát 60N thủy tinh 490ml,140000,chai,Co.op,fish_sauce,,,,,490.0,285714.28571428574
6444,Nước mắm cá cơm than Thuận Phát pet 740ml,46000,chai,Co.op,fish_sauce,,,,,740.0,62162.16216216216
6445,Nước mắm Barona vị xưa 20N 500ml,47400,chai,Co.op,fish_sauce,,,,,500.0,94800.0
6446,Nước mắm siêu hạng Hưng Thịnh 33-37g/L 620ml,58200,chai,Co.op,fish_sauce,37.0,1572972.972972973,,,620.0,93870.96774193548
6447,Nước mắm nhĩ Hưng Thịnh 35 độ đạm 750ml,74900,chai,Co.op,fish_sauce,,,,,750.0,99866.66666666666
6448,Nước mắm Hạnh Phúc 50 độ đạm 500ml,104000,chai,Co.op,fish_sauce,,,,,500.0,208000.0
6449,Nước mắm Hạnh Phúc 60 độ đạm lốc 10 chai x 50ml,166200,lốc,Co.op,fish_sauce,,,,,500.0,332400.0
6450,Nước mắm Vị Xưa 40 độ đạm chai thủy tinh 500ml,94000,chai,Co.op,fish_sauce,,,,,500.0,188000.0
6452,Nước mắm Nam Ngư nhãn vàng 14g/l 650ml,51700,chai,Co.op,fish_sauce,14.0,3692857.1428571427,,,650.0,79538.46153846153
6453,Nước mắm cá cơm Thuận Phát 40 độ đạm chai thủy tinh 610ml,78500,chai,Co.op,fish_sauce,,,,,610.0,128688.52459016393
6455,Nước mắm Ông Kỳ 35N chai 525ml,102700,chai,Co.op,fish_sauce,,,,,525.0,195619.04761904763
6456,Nước mắm Liên Thành nhãn vàng 600ml,87900,chai,Co.op,fish_sauce,,,,,600.0,146500.0
6458,Nước mắm cá cơm Hạnh Phúc 60 độ đạm 500ml,137500,chai,Co.op,fish_sauce,,,,,500.0,275000.0
6459,Nước mắm Thanh Hà 35N chai 520ml,100000,cái,Co.op,fish_sauce,,,,,520.0,192307.6923076923
6460,Nước mắm cá cơm Thuận Phát 30 độ đạm chai thủy tinh 610ml,63500,chai,Co.op,fish_sauce,,,,,610.0,104098.3606557377
6461,Nước mắm nhỉ Phú Quốc THUYỀN XƯA 33N chai thủy tinh 500ml – CX – F,98500,chai,Co.op,fish_sauce,,,,,500.0,197000.0
6462,Nước mắm nhỉ Phú Quốc THUYỀN XƯA 40N chai thủy tinh 500ml – CX – F,156500,chai,Co.op,fish_sauce,,,,,500.0,313000.0
6463,Nước mắm nhỉ Phú Quốc THUYỀN XƯA 33N chai thủy tinh 65ml – CX – F,15800,chai,Co.op,fish_sauce,,,,,65.0,243076.92307692306
6464,Nước mắm nhỉ Phú Quốc THUYỀN XƯA 40N chai thủy tinh 65ml – CX – F,21000,chai,Co.op,fish_sauce,,,,,65.0,323076.9230769231
6465,Nước mắm nhỉ trẻ em THUYỀN XƯA 41N chai thủy tinh 65ml – CX – F,32500,chai,Co.op,fish_sauce,,,,,65.0,500000.0
6466,Nước mắm Hưng Thịnh 38 đ- 42g/l – 750ml,80000,chai,Co.op,fish_sauce,42.0,1904761.9047619049,,,750.0,106666.66666666667
6467,Nước mắm Coop Select 1.8L,70800,cái,Co.op,fish_sauce,,,,,1800.0,39333.333333333336
6469,Nước mắm Liên Thành nhãn ngọc 40 độ chai thủy tinh 600ml,107000,chai,Co.op,fish_sauce,,,,,600.0,178333.33333333334
6470,Nước mắm Coop Select 35N thủy tinh 520ml,52200,chai,Co.op,fish_sauce,,,,,520.0,100384.61538461539
6471,Nước mắm Coop Select 62.5 g/l – 500ml,21400,chai,Co.op,fish_sauce,62.5,342400.0,,,500.0,42800.0
6472,Nước mắm Coop Select pet 62.5g/L 2 lít,58000,chai,Co.op,fish_sauce,62.5,928000.0,,,2000.0,29000.0
6473,Nước mắm Phú Quốc Thanh Hà 40 độ đạm chai 520ml,124200,chai,Co.op,fish_sauce,,,,,520.0,238846.15384615384
6474,Nước mắm Phú Quốc Ông Kỳ 40 độ đạm chai 525ml,127500,chai,Co.op,fish_sauce,,,,,525.0,242857.14285714287
6475,Nước mắm truyền thống Liên Thành 20 độ đạm bình 4L,204000,cái,Co.op,fish_sauce,,,,,4000.0,51000.0
6476,Nước mắm Nam Ngư Phú Quốc 32 độ đạm chai 500ml,65800,chai,Co.op,fish_sauce,,,,,500.0,131600.0
6477,Nước mắm Hạnh Phúc 60N 12 chai x 50ml,199200,hộp,Co.op,fish_sauce,,,,,600.0,332000.0
6478,Nước mắm Phú Quốc Ông Kỳ thủy tinh 38N 525ml,111900,chai,Co.op,fish_sauce,,,,,525.0,213142.85714285713
6479,Nước mắm Nam Ngư 3in1 900ml,59000,chai,Co.op,fish_sauce,,,,,900.0,65555.55555555556
6480,Nước mắm Nam Ngư đệ nhị chai 900ml,23900,chai,Co.op,fish_sauce,,,,,900.0,26555.55555555556
6482,Nước mắm Nam Ngư 3in1 chai 10g/l – 750ml,52500,chai,Co.op,fish_sauce,10.0,5250000.0,,,750.0,70000.0
6483,Nước mắm cá cơm Hạnh Phúc 60 độ đạm 250ml,70200,chai,Co.op,fish_sauce,,,,,250.0,280800.0
13802,Gạo thơm ST25 plus lúa tôm Neptune 5kg,252000,bịch,Co.op,rice,5000.0,50400.0,,,,
14611,Cam sành Coop Select túi kg,24900,kg,Co.op,orange,1000.0,24900.0,,,,
14638,Sữa đặc Dutch Lady cao cấp lon 380g – KM,32400,lon,Co.op,condensed_milk,380.0,85263.15789473684,,,,
